2875 4842
1910 530 1922 544 2
2056 482 2206 556 513

139 687 506 784 exhibito,
575 685 995 765 examinato
1048 705 1120 764 et
1181 681 1482 791 publice
1529 687 1725 764 lecto
1793 692 2315 792 procuratorio

146 798 447 876 Domini
485 797 915 899 Burggravii
954 793 1391 896 supradicti,
1445 810 1525 872 et
1558 796 1910 898 praestito
1951 824 2317 902 corpora-

141 904 310 979 liter
347 929 481 1005 per
518 901 723 1004 ipsos
778 917 929 977 tres
961 900 1220 978 debito
1260 904 1718 994 iuramento,
1771 901 1868 978 ad
1909 900 2206 984 laudem
2240 922 2318 983 et

139 1011 473 1111 gloriam⁸
499 1034 827 1084 summae
878 1007 1258 1084 Trinitatis
1310 1006 1830 1084 Sanctissimae
1882 1011 2027 1086 Dei
2064 1014 2318 1089 matris

138 1116 467 1207 Mariae,
505 1109 991 1217 omniumque
1038 1114 1457 1218 spirituum
1499 1112 1889 1190 beatorum
1927 1114 2315 1213 honorem,

133 1240 427 1300 sanctae
462 1223 839 1297 Romanae
872 1220 1245 1320 Ecclesiae
1290 1221 1835 1309 exaltationem,
1889 1222 2315 1301 Catholicae
2369 1301 2384 1316 ,

135 1328 313 1405 fidei
337 1318 345 1326 ’
368 1327 873 1433 prouisionem
894 1380 955 1415 ,.
991 1343 1070 1426 et
1119 1327 1480 1431 optimam
1515 1327 2124 1428 restaurationem
2164 1332 2320 1408 Im-

138 1436 380 1541 perii,
466 1459 729 1538 pacem
783 1458 1103 1536 quoque
1158 1449 1233 1508 et
1284 1430 1892 1535 tranquillitatem
1946 1436 2320 1531 vniam-ei,

135 1543 421 1618 dictum
464 1539 869 1615 Dominum
900 1556 1283 1631 nostrum,
1338 1554 1520 1613 tunc
1555 1537 1963 1641 Vngariae,
2014 1569 2214 1620 nunc
2243 1562 2324 1622 et

137 1651 662 1742 Romanorum
690 1648 971 1748 Regem
993 1699 1016 1737 ,
1052 1641 1166 1720 'ad
1199 1645 1343 1720 hoc
1373 1669 1556 1748 prae
1597 1647 1860 1721 ceteris
1891 1644 2100 1724 orbis
2123 1649 2321 1726 Prin·

139 1755 477 1858 cipibus,
556 1780 652 1830 ex
701 1754 903 1830 omni
957 1769 1173 1856 parte
1214 1748 1616 1843 idoneum,
1668 1750 1748 1825 in
1799 1754 2018 1830 totius
2062 1755 2323 1833 mundi

138 1864 548 1940 Dominum
594 1859 968 1936 duxerunt
1024 1855 1327 1962 publice
1381 1855 1845 1960 eligendum3
1900 1882 2127 1959 quam
2161 1865 2320 1962 qui·

110 1967 320 2045 -dem
356 1966 792 2043 electionem
847 1965 1082 2041 dietus
1126 1963 1486 2040 Dominus
1520 1966 2021 2068 Burggrauius
2068 1968 2324 2050 nomi·

137 2101 241 2152 ne
293 2072 596 2178 praefati
639 2074 937 2157 Domini
978 2070 1212 2148 nostri
1244 2071 1436 2173 regis
1475 2083 1552 2146 et
1594 2070 1688 2144 de
1726 2071 2074 2150 mandato
2111 2076 2320 2151 eius—-

137 2181 316 2258 dem
358 2177 710 2284 speciali,
768 2180 972 2255 lectis
1023 2176 1343 2280 desuper
1394 2176 1872 2258 litteris,suae
1921 2171 2324 2266 Maiestatis*

134 2292 217 2366 in
270 2284 541 2363 Christi
592 2288 890 2360 nomine
949 2285 1409 2387 acceptant,
1483 2282 1875 2384 fueratque
1916 2312 2096 2364 mox
2158 2288 2350 2362 Mam-

135 2394 529 2500 gnatibus,
589 2389 982 2467 Nobilibus
1008 2444 1031 2482 ,
1075 2387 1423 2483 ciuibus,
1478 2407 1557 2466 et
1600 2416 1998 2468 numeroso
2033 2391 2316 2472 ibidem

137 2501 424 2606 populo
462 2505 911 2601 congregato
936 2550 959 2587 ‚
1004 2495 1422 2588 huiusmodi
1465 2496 1778 2587 electio,
1836 2496 2142 2602 eiusque
2180 2526 2315 2580 ac·

133 2609 463 2712 ceptatio
518 2610 693 2682 cum
729 2601 1079 2681 omnibus·
1114 2604 1311 2678 circa
1356 2603 1732 2708 praedicta
1766 2619 1942 2682 tunc
1977 2605 2193 2708 geatis
2238 2622 2316 2683 et

134 2714 505 2790 translatis
558 2705 890 2814 exposita
946 2709 1364 2806 manifeste3
1438 2709 1711 2813 quibus
1775 2710 2087 2813 peractis
2139 2738 2312 2790 eum

116 2821 443 2906 Domini
489 2819 725 2893 nostri
762 2814 1119 2920 praedicti
1132 2818 1289 2892 liam
1343 2812 1582 2892 functi
1609 2835 1856 2896 essent
1882 2844 2040 2895 >suo
2066 2821 2309 2914 officio

131 2953 281 3031 pro
341 2921 482 3001 hac
533 2924 741 3017 vice,
799 2921 1226 3022 prouisione
1260 2920 1622 3000 videlicet
1660 2925 1975 2999 vacantis
2014 2925 2308 3028 imperii

131 3032 501 3123 totaliter,
555 3047 633 3106 et
682 3028 1393 3130 indubie‘quantum
1443 3030 1535 3104 ad
1594 3030 1948 3108 electores
1982 3035 2306 3135 pertinet

127 3139 281 3213 iam
324 3137 733 3241 completa,
809 3162 963 3211 non
1004 3131 1393 3212 videbatur
1431 3135 1762 3212 Dominis
1815 3139 2124 3230 nostris,
2177 3155 2305 3214 aut

131 3244 339 3320 dicto
405 3246 728 3320 Domino
785 3244 1244 3343 Burggrauio
1313 3240 1616 3318 vitea-ius
1690 3242 2300 3346 exspectandum,

130 3349 333 3426 vnde
384 3349 478 3425 ad
518 3348 635 3443 id,
693 3348 898 3453 quod
958 3348 1053 3424 de
1094 3347 1416 3451 quadam
1469 3345 1921 3450 inhabilitate
1966 3348 2300 3424 scriben-

129 3474 244 3534 tes
305 3457 425 3532 alii
492 3456 1033 3533 calumniantur
1072 3508 1099 3545 ,
1167 3473 1285 3532 est
1357 3454 1597 3532 taliter
1661 3451 2299 3558 respondendum3

130 3562 340 3666 quod
371 3590 537 3639 cum
578 3562 879 3665 praefati
905 3557 1211 3640 Domini
1238 3562 1517 3651 nostri,
1551 3561 1696 3635 sint
1731 3562 1964 3662 parati
2008 3578 2085 3637 et
2113 3584 2298 3637 sem·

132 3695 278 3774 per
327 3666 609 3745 fuerint
665 3670 761 3744 de
794 3668 1119 3762 ‘veritate
1180 3668 1358 3745 sacti
1402 3681 1480 3742 et
1530 3664 1852 3748 iustitiae
1898 3667 2180 3743 meritis
2215 3666 2295 3744 in

131 3802 355 3853 causa
424 3779 805 3854 Romanae
862 3774 1231 3870 Ecclesiae
1308 3771 1734 3865 informari,
1804 3796 1942 3848 nee
1994 3773 2293 3882 'aliquae

135 3900 403 3960 contra
450 3910 577 3959 eos
607 3908 959 3959 censurae
993 3898 1119 3957 aut
1154 3878 1556 3957 sententiae
1593 3897 2023 3955 emanarunt
2044 3935 2066 3971 ,
2118 3896 2195 3955 et
2229 3881 2295 3955 si

138 3989 447 4066 forsitan
479 3990 852 4093 generales
890 3989 1396 4085 cuiuscunque
1432 3986 1827 4076 sententias
1863 3984 2295 4090 praetende-

138 4114 310 4171 rent
378 4095 762 4198 incidisse,
834 4095 1009 4170 licet
1061 4093 1283 4184 falso,
1347 4089 1545 4170 nulla
1604 4109 1841 4167 tamen
1901 4090 2294 4168 declaratio

141 4219 270 4278 aut
313 4201 783 4288 denunciatio
826 4197 1166 4303 specifica
1209 4194 1353 4276 fuit
1393 4196 1826 4285 subsecuta,
1886 4216 1964 4274 et
2001 4196 2102 4274 ob
2150 4196 2296 4278 hoe

227 4309 442 4386 Tom.
484 4311 584 4384 X.
634 4305 809 4384 Vol.
844 4304 1042 4383 VIII.
1802 4308 1901 4378 33
2104 4327 2113 4340 ·
