2875 4842
1983 489 2135 566 289

116 705 250 770 ctus
278 688 722 794 Piykhethel,
756 690 1085 795 Jacobus
1100 692 1710 773 Gallicus.dictus
1746 694 2079 774 Ventura
2108 756 2130 794 ,
2169 718 2247 780 et

106 799 445 876 ..lohannes
472 797 564 875 de
611 798 1005 903 Sengberk
1044 801 1283 880 Jurati
1325 805 1545 880 Ciues
1583 802 1676 879 de
1714 803 2033 880 Posonio
2066 803 2244 882 fide·

118 907 202 983 les
234 908 453 982 nostri
470 908 617 981 suis
648 933 736 982 ac
771 909 1287 987 vniuersorum
1306 910 1746 986 Conciuium
1779 927 1855 986 et
1891 908 2248 1018 Cohospi-

120 1033 246 1091 tum
276 1030 569 1092 suorum
615 1013 709 1090 de
741 1012 1005 1091 eadem
1046 1016 1120 1090 in
1169 1020 1505 1122 personis
1544 1014 1635 1090 ad
1677 1012 1971 1092 nostrae
2004 1018 2250 1094 subli-

119 1122 347 1196 mitatis
378 1118 816 1217 accedentes
875 1125 1406 1224 praesentiam,
1463 1121 1960 1200 exhibuerunt
2017 1125 2253 1202 Nobis

121 1227 452 1330 quoddam
492 1228 957 1334 priuilegium
994 1228 1169 1304 olim
1208 1228 1673 1307 serenissimi
1712 1227 2067 1333 Principis
2107 1235 2251 1308 Do-

118 1336 260 1409 mini
290 1335 652 1409 Lodouici
683 1338 906 1438 Regis
945 1337 1213 1412 Soceri
1254 1356 1328 1414 et
1360 1337 1590 1413 Patris
1629 1337 1863 1411 nostri
1900 1338 2252 1416 earissimi

118 1440 475 1535 laudandae
510 1445 952 1536 memoriae,
1009 1443 1283 1548 sigillis
1323 1446 1471 1517 suis
1518 1440 1979 1547 duplicibus,
2019 1448 2252 1549 priori

120 1549 352 1624 scilicet
384 1548 459 1621 in
505 1546 753 1622 Uzura
793 1551 1185 1625 casualiter
1220 1549 1654 1657 clepet-dim,
1708 1565 1785 1623 et
1827 1575 2027 1623 nouo
2083 1569 2255 1627 tan-

120 1652 258 1729 dem
294 1654 581 1758 sculpto
622 1656 1175 1756 consignatum,
1234 1656 1658 1733 confectum
1718 1672 1793 1728 et
1846 1675 2254 1735 emanatum

127 1761 360 1836 tenoris
409 1758 972 1861 subsequentis,
1064 1760 1568 1867 supplicantes
1614 1775 1870 1835 nostro
1905 1764 2258 1858 culmini,

122 1890 309 1970 prece
343 1865 754 1942 subiectiua
789 1871 932 1944 suis
971 1885 1048 1943 et
1091 1868 1552 1959 nominibus,
1609 1866 1877 1968 quibus
1915 1894 2134 1975 supra
2180 1890 2264 1948 vt

121 1972 279 2050 idem
321 1971 800 2074 Priuilegium
842 1974 1021 2049 dicti
1060 1974 1360 2050 Domini
1397 1972 1762 2050 Lodouici
1798 1974 2022 2076 Regis
2056 2005 2261 2059 acce-

122 2098 339 2184 ptare,
390 2079 859 2184 approbare,
921 2099 999 2157 et
1039 2081 1449 2172 ratificare,
1504 2102 1594 2154 ac
1633 2103 1774 2180 pro
1814 2083 2089 2158 eisdem
2138 2085 2262 2162 ci-

121 2187 303 2264 uibus
341 2187 620 2263 nostris
655 2203 731 2262 et
762 2212 1021 2264 eorum
1050 2187 1612 2279 ⁸successoribus
1655 2186 2016 2264 vniuersis
2045 2191 2261 2268 inno·

124 2288 382 2389 nantes,
432 2296 863 2396 nostrisque
911 2292 1174 2370 litteris
1208 2289 1795 2396 Priuilegialibus
1834 2294 2258 2397 pet-hemni-

122 2416 212 2477 ter
251 2399 691 2478 confirmare
734 2400 1229 2502 dignaremur.
1287 2401 1515 2476 Cuius
1550 2395 1856 2504 quidem
1895 2399 2265 2507 Priuilegii

127 2521 308 2585 tenor
339 2509 497 2583 talis
536 2525 690 2583 est:
746 2505 1174 2582 Lodouicus
1206 2507 1351 2581 Dei
1384 2508 1617 2609 gratia
1662 2502 1910 2610 Hung.
1959 2526 2099 2586 etc.
2139 2515 2264 2586 vi·-
2343 2550 2348 2557 ·

123 2611 215 2711 de·
258 2610 873 2718 Diplomatarium
960 2638 1217 2690 meum
1296 2612 1706 2690 Comitatus
1781 2610 2262 2694 posoniensis·

122 2718 251 2796 Nos
310 2725 571 2822 itaque
628 2722 836 2797 iustis
882 2738 958 2795 et
1015 2720 1176 2795 Juri
1221 2720 1568 2798 consonis
1607 2717 2263 2821 supplicetionibus

122 2824 456 2923 dictorum
493 2825 789 2903 Nicolai
821 2825 1000 2902 dicti
1042 2826 1415 2929 Plykhetel
1444 2885 1465 2920 ‚
1509 2823 1785 2904 'Jacobi
1826 2826 2085 2905 Gallici
2136 2832 2262 2907 di·-

118 2935 213 3012 cti.
241 2934 611 3026 Ventura,
703 2950 778 3011 et
833 2932 1187 3010 Iohannis
1249 2932 1343 3011 de
1391 2931 1779 3038 Sengberk
1826 2935 2260 3013 Juratorum

119 3036 377 3117 Cinium
413 3039 514 3119 de
551 3039 745 3116 dicta
802 3042 1125 3135 Posonio
1187 3045 1331 3118 suis
1386 3057 1464 3117 et
1507 3036 1936 3115 'nominibus
1982 3043 2257 3146 quibus

119 3170 311 3252 supra
345 3176 480 3224 nro
520 3147 824 3224 culmini
859 3173 996 3251 per
1036 3147 1234 3249 ipsos
1270 3172 1497 3253 prece
1537 3146 1944 3221 subiectiua
1993 3147 2258 3226 oblatis

116 3242 597 3333 fauorabiliter
638 3254 996 3330 exauditis
1031 3271 1103 3329 et
1139 3255 1543 3330 clementer
1580 3251 1910 3328 admissis
1952 3270 2256 3357 praeta-

118 3377 336 3438 xatum
373 3362 852 3465 priuilegium
897 3359 1210 3437 condam
1271 3358 1573 3434 Domini
1619 3357 1984 3439 Lodouici
2034 3362 2254 3463 Regis

117 3471 325 3544 noceri
351 3485 429 3546 et
450 3470 687 3544 Patris
721 3466 951 3543 nostri
989 3468 1337 3544 carissimi
1356 3493 1508 3544 non
1539 3463 1879 3542 abrasum
1910 3490 2058 3540 non
2083 3491 2258 3543 can-

120 3572 431 3652 cellatum
468 3600 610 3651 nec
657 3575 733 3649 in
767 3575 1010 3676 aliqua
1048 3593 1254 3678 parte
1292 3576 1405 3650 sui
1447 3573 1838 3665 viciatum,
1886 3571 2017 3648 sed
2052 3598 2253 3650 mera

119 3682 406 3760 veritatis
442 3698 520 3757 et
566 3680 1038 3787 plenitudinis
1085 3682 1497 3785 integritate
1531 3678 2003 3784 praepollens
2043 3707 2255 3784 prae·
2389 3736 2404 3753 ,

118 3788 413 3866 sentibus
468 3790 564 3864 de
618 3786 854 3865 verbo
908 3786 1000 3861 ad
1063 3776 1380 3863 v'erbum
1429 3787 1591 3863 sine
1636 3784 2121 3863 diminutione
2175 3804 2252 3865 et

120 3914 487 3996 augmento
521 3882 816 3999 aliquali
846 3895 1204 3973 insertum
1251 3892 1505 3999 quoad
1546 3917 1802 3970 omnes
1838 3920 2003 3969 suas
2056 3919 2248 3970 con·-

36 4016 39 4033 “
120 3997 428 4079 tinentias
472 4001 827 4077 clausulas
860 4018 937 4076 et
960 4002 1301 4077 articulos
1327 4054 1352 4095 ‚
1407 4016 1910 4107 acceptamus,
1960 4024 2246 4105 appro-

122 4100 387 4199 bamus,
443 4127 520 4201 et
548 4107 1020 4201 ratificamus,
1072 4132 1397 4211 cumque
1431 4131 1523 4181 ex
1571 4133 1940 4205 consensu⁴
1985 4122 2062 4184 et
2113 4107 2245 4183 be-

126 4210 461 4313 neplacita
497 4214 867 4293 voluntate
898 4213 1429 4293 Serenissimae
1468 4213 1826 4319 Principis
1886 4212 2247 4290 Dominae

205 4320 408 4397 Tom.
451 4323 545 4397 X.
596 4319 768 4397 vol.
805 4319 1003 4397 VIII.
1775 4323 1872 4393 19
