2875 4842
2066 398 2217 471 663

106 599 208 679 N
209 599 568 683 obilibus
584 606 759 711 ipsis
794 631 1009 683 more
1041 605 1264 686 solitow
1279 622 1358 682 et
1393 616 1749 695 consveto
1782 607 2098 683 invicem
2132 632 2322 685 con-

102 711 466 815 gregatis
524 728 602 788 et
651 710 1215 789 consedentibus
1270 736 1415 818 pro
1480 709 1860 789 reddenda
1914 716 2327 819 uuicuique

111 842 412 893 coram
443 833 1031 923 praememorata
1069 816 1438 923 Imperiali
1473 816 1853 923 Maiestate
1903 821 2319 920 querulauti

112 924 429 999 iustitia
452 927 623 1015 „vir
643 924 998 1029 providus
1016 942 1092 1001 et
1127 928 1705 1024 circumspectus
1728 921 2039 1001 Michael
2063 926 2319 1025 ⁶Weiss
2370 922 2379 939 '

117 1031 757 1132 cognominatus,
829 1029 1249 1123 Mercator,
1289 1030 1519 1104 *Civis
1560 1048 1638 1105 et
1690 1031 1947 1107 Incola
1995 1033 2319 1108 Civitatis

116 1135 516 1212 Budensis
553 1137 968 1242 praesentia
992 1136 1497 1242 personaliter
1553 1137 2018 1240 Imperialem
2082 1137 2319 1214 Maie-

115 1258 409 1318 statem
455 1241 855 1332 accedens,¹
922 1269 1061 1348 per
1115 1242 1418 1319 modum
1480 1241 1926 1345 querulosae
1982 1246 2320 1348 proposi-

121 1347 368 1422 tionis
403 1366 481 1422 et
521 1349 1026 1425 insinuationis
1063 1346 1337 1423 ibidem
1382 1347 1732 1444 astando,
1788 1348 1927 1426 alta
1969 1368 2045 1425 et
2101 1349 2316 1426 intel·

114 1454 408 1557 ligibili
439 1480 624 1531 voce
655 1455 1000 1558 detegere
1056 1459 1381 1531 curavit:
1449 1455 1846 1544 Quomodo
1897 1453 2312 1559 Stephanus

117 1558 624 1667 Egenburger
649 1559 1365 1637 similiter'Concivis
1406 1560 1731 1638 Civitatis
1765 1561 2175 1639 antedictae
2211 1567 2314 1639 vi·

119 1664 409 1743 delicet
448 1666 850 1760 Eudemia,
911 1684 1231 1769 protunc
1282 1668 1561 1743 strenui
1616 1667 1866 1744 Militis
1913 1668 2311 1745 Lienbardi

121 1772 380 1865 Noffri
413 1770 507 1847 de
542 1772 887 1876 Bajmocz
923 1772 1490 1849 Tricesimarum
1532 1797 1618 1847 ac
1658 1773 2113 1849 Urburarum
2151 1777 2298 1852 Co-

119 1880 337 1956 mitis
395 1878 472 1952 in
527 1902 844 1981 persona
893 1876 1469 1955 Tricesimarum
1512 1878 2049 1982 Vicesgerentis
2074 1935 2097 1975 ‚
2152 1887 2302 1957 non

20 2024 28 2031 ·
124 2002 218 2061 ut
248 1987 480 2065 moris
506 1983 1189 2067 et‘Consvetudinis
1227 2001 1462 2079 esset,
1514 1982 1646 2058 sed
1672 1983 1880 2061 iuxta
1909 1983 2146 2063 nouas
2185 1988 2306 2064 ad·

123 2093 592 2169 inventiones
652 2107 730 2168 et
780 2105 1084 2187 statuta,
1157 2090 1361 2191 omni
1415 2089 1737 2166 obmisso
1776 2092 1958 2183 iuris
1993 2093 2297 2186 ordine„

123 2214 220 2274 ut
272 2194 691 2303 praefertur
715 2251 739 2291 ,
807 2195 1284 2283 Tricesimum
1317 2195 1653 2299 exigeret
1710 2215 1788 2275 et
1844 2216 2294 2304 extorquere

127 2302 375 2394 vellet,
411 2301 738 2382 eiusdem
772 2302 848 2378 in
893 2302 1423 2407 praeiudicium
1452 2318 1530 2377 et
1563 2326 1959 2404 grauamen
1983 2304 2294 2383 multum
2331 2345 2338 2352 ·

124 2415 405 2515 ingens.
461 2410 708 2514 Super
747 2409 1018 2513 quibus
1059 2407 1327 2486 talibus
1367 2409 2039 2514 propositionibus,
2109 2417 2291 2489 arti-

106 2518 311 2595 'culis
375 2535 453 2595 et
522 2516 840 2622 querelis
892 2534 1151 2593 contra
1209 2530 1768 2620 praenarratum
1816 2516 2285 2621 Stephanum

129 2622 606 2728 Egenburger
638 2624 937 2727 perlatis
977 2641 1050 2700 et
1086 2650 1220 2728 per
1255 2626 1496 2728 ipsum
1543 2621 1976 2703 Michaelem
2038 2625 2283 2701 Weiss

130 2730 422 2825 edictis,
451 2729 645 2808 idem
684 2726 999 2807 Michael
1036 2730 1281 2808 Weiss
1326 2745 1742 2831 praetactas
1765 2730 2116 2834 sagaciter
2153 2732 2286 2810 ob-

87 2886 94 2897 ·
133 2837 329 2914 viare
373 2839 677 2941 cupiens
698 2893 722 2933 ,
776 2863 820 2911 a
863 2853 1447 2939 praememorata
1481 2837 1851 2944 Imperiali
1907 2836 2286 2914 Maiestate

132 2943 475 3021 iudicium
511 2962 594 3021 <et
625 2945 968 3020 iustitiam
1004 2941 1144 3019 sibi
1185 2944 1394 3047 petiit
1420 2944 1776 3047 impertiri
1812 2967 2035 3045 super
2075 2971 2286 3048 prae·

131 3052 390 3145 missis5
460 3050 1078 3154 nihilominusque
1134 3049 1409 3137 babere
1470 3050 1765 3144 volens,
1840 3065 1923 3123 ut
1972 3049 2178 3126 sicut
2236 3079 2279 3126 a

134 3157 490 3260 longaevis
522 3157 675 3233 vdt.
717 3159 952 3233 nostri
981 3156 1333 3232 Johannis
1363 3154 1863 3256 Sybenlinder
1897 3175 2278 3259 praenota·
2308 3224 2319 3233 .

135 3264 230 3358 ti,
277 3280 880 3365 caeterorumque
945 3263 1543 3341 Praecessoribus
1591 3278 2012 3338 nostrorum
2073 3279 2268 3339 tem·-

135 3368 425 3473 poribus
462 3396 597 3474 per
650 3370 798 3444 iam
854 3366 1093 3447 dictae
1153 3369 1599 3446 Tricesimae
1656 3368 2139 3445 Exactoribus
2198 3395 2276 3447 se

132 3474 483 3553 humiliter
513 3475 909 3582 subiugens
949 3478 1190 3554 statim
1220 3479 1293 3551 in
1336 3476 1602 3563 eodem
1637 3500 1724 3550 ac
1765 3479 1841 3550 in
1865 3474 2103 3552 forma
2137 3479 2279 3579 pri-

132 3609 367 3662 maeva
397 3601 656 3676 ratam,
689 3600 973 3684 gratam
1003 3599 1228 3686 atque
1257 3581 1547 3658 firmam
1582 3580 1923 3657 babendo
1955 3583 2274 3658 exactio·

67 3693 80 3741 ¹
132 3689 243 3767 nis
270 3716 384 3777 seu
417 3688 592 3765 datii
630 3689 1104 3766 Tricesimum
1145 3690 1406 3792 utique
1444 3688 1737 3766 solvere
1761 3686 1986 3765 vellet
2017 3688 2276 3765 confe-

133 3796 348 3874 rendo
389 3814 463 3872 et
509 3798 870 3873 niteretur
914 3793 1296 3901 quibusvis
1343 3786 1981 3871 adinventionibus
2019 3796 2278 3899 procul

139 3906 351 3980 motis.
403 3903 688 3996 Quibus
731 3902 901 3979 visis
939 3900 1199 3978 auditis
1238 3922 1316 3978 et
1350 3928 1525 3978 sane
1558 3901 1992 3996 intellectis,
2047 3926 2273 4004 prae-
2376 3992 2383 3999 ·

146 4026 519 4088 memorata
555 4007 963 4113 Imperialis
1003 4007 1344 4085 Maiestas
1382 4006 1598 4085 nobis
1625 4006 1944 4084 Jobanni
1978 4005 2276 4107 Syben·

155 4116 365 4200 linder
395 4117 718 4195 antefato
743 4173 767 4213 ,
822 4116 1209 4218 verboque
1246 4134 1325 4194 et
1369 4132 1718 4194 oretenus
1748 4112 2017 4192 traditv
2054 4129 2133 4186 et
2165 4114 2275 4186 in-
