2875 4842
653 510 810 582 324

547 732 840 796 cure-et
876 713 1158 817 absque
1210 713 1416 789 omni
1451 706 1847 787 formidine
1879 705 2237 798 accedere
2291 735 2425 790 seu
2469 713 2730 791 venire

546 851 634 902 ae
672 819 942 902 abinde
991 820 1089 898 ad
1132 818 1483 926 propria,
1535 842 1668 896 seu
1705 844 1860 921 quo
1916 816 2092 922 ipsis
2131 816 2535 922 placuerit,
2590 848 2730 897 re-

543 925 894 1025 deundo,
944 925 1245 1005 eosdem
1279 929 1538 1028 Equos
1583 921 1705 999 vel
1742 921 1926 999 alios
1963 949 2421 1030 quoeunque
2466 952 2729 1003 seeum

542 1034 917 1114 abducere
957 1031 1199 1111 libere
1228 1032 1520 1108 valeant
1567 1046 1792 1134 atque
1841 1032 2123 1135 possint
2146 1085 2166 1116 ,
2218 1031 2720 1139 impedimen-

540 1147 631 1221 tis
685 1141 1142 1247 quibuslibet
1185 1137 1450 1246 procul
1496 1140 1751 1228 motis,
1803 1133 1941 1212 sub
1983 1131 2395 1216 affidatione
2440 1156 2511 1215 et
2549 1166 2723 1245 pro-

536 1253 858 1329 tectione
897 1245 1171 1325 Nostra
1200 1242 1553 1348 speciali,
1606 1240 1868 1319 barum
1914 1262 2336 1322 nostrarum
2378 1249 2723 1323 testimo-

534 1360 661 1433 nio
695 1357 1132 1434 litterarum.
1209 1351 1583 1442 Quocirca
1633 1349 1845 1426 vobis
1888 1346 2229 1429 fidelibus
2273 1351 2547 1429 nostris
2580 1353 2722 1430 co-

536 1464 700 1541 miti
730 1460 1170 1541 Posoniensi
1194 1512 1219 1552 ,
1259 1458 1396 1550 vel,
1419 1461 1578 1536 eius
1612 1455 1801 1532 Vice
1838 1454 2154 1553 comiti,
2210 1484 2296 1535 ae
2333 1460 2558 1536 etiam
2586 1460 2718 1535 Ca-

534 1569 848 1647 steliano
882 1563 1310 1645 Posoniensi
1329 1618 1376 1666 ,Δ
1413 1590 1558 1640 nee
1604 1588 1757 1641 non
1806 1564 2168 1643 universis
2200 1566 2717 1644 Tricesimato-

530 1675 781 1769 ribus,
835 1671 1312 1766 Tributariis,
1365 1689 1443 1749 et
1474 1668 1977 1748 Theloneariis
2015 1674 2092 1747 in
2134 1670 2339 1749 dicto
2379 1674 2714 1749 Comita-

528 1800 611 1859 ω
651 1779 1083 1859 Posoniensi
1115 1778 1425 1857 existen.
1482 1803 1625 1881 pro
1679 1793 2021 1881 tempore
2066 1778 2480 1856 constitutis
2519 1797 2593 1857 et
2632 1783 2709 1857 in

397 1921 402 1928 ·
531 1887 867 1964 futurum
889 1881 1292 1964 statuendis
1319 1883 1737 1961 firmissimo
1762 1884 2004 1986 Regio
2039 1883 2180 1963 sub
2212 1885 2462 1964 edicto
2494 1914 2709 1992 prae-

521 1992 880 2097 cipiendo
927 1990 1401 2086 mandamus,
1494 2004 1861 2096 quatenus
1912 1992 1992 2066 in
2054 2009 2267 2068 antea
2339 1992 2706 2098 praefatos

531 2098 995 2177 Met-catores
1037 2125 1168 2176 seu
1224 2097 1556 2174 forenses
1603 2095 1936 2174 homines
1976 2114 2125 2175 tam
2158 2100 2442 2192 Incolas
2484 2127 2704 2203 quam

403 2215 414 2230 “
525 2209 934 2283 Exti-aneos
974 2231 1147 2282 eum
1199 2204 1408 2309 equis
1464 2205 1792 2309 ipsorum
1831 2204 2292 2305 quibuslibet
2328 2204 2706 2284 cuiuscun-

525 2340 675 2417 que
711 2312 982 2389 valoris
1016 2330 1093 2389 et
1124 2309 1645 2388 aestimationis
1682 2309 2006 2388 existant
2030 2368 2051 2407 ,
2108 2319 2318 2389 eausa
2356 2338 2703 2389 merean-

520 2423 662 2496 tiae
715 2447 848 2497 seu
900 2416 1341 2495 venditionis
1402 2411 1810 2493 eorundem
1863 2417 1956 2493 ad
2009 2418 2253 2522 ipsum
2298 2419 2549 2496 forum
2588 2450 2701 2497 an·

512 2526 734 2603 nuale
794 2528 871 2600 in
926 2524 1321 2631 praedictis
1378 2521 1752 2613 terminis,
1804 2522 1944 2600 sub
1999 2524 2336 2603 libertate
2387 2524 2696 2603 aliorum

513 2633 926 2710 liberorum
960 2631 1305 2708 fororum
1353 2627 1430 2703 in
1483 2628 1641 2734 ipsa
1699 2626 2020 2706 civitate
2070 2650 2322 2709 nostra
2381 2634 2696 2711 Posoni·

518 2740 720 2830 ensi,
777 2754 862 2813 ut
912 2738 1445 2840 praemittitur,
1498 2739 1701 2809 annis
1741 2734 2048 2840 singulis
2105 2739 2473 2816 celebrari
2525 2767 2695 2816 eon·

477 2860 805 2940 ,svetum
864 2843 1345 2936 aecedentes,
1416 2855 1498 2916 et
1555 2840 1823 2917 abinde
1881 2846 2136 2947 Equos
2205 2872 2693 2951 quoscunque

515 2948 1008 3036 deducentes,
1061 2951 1263 3024 iuxta
1311 2949 1629 3024 formam
1667 2953 2101 3052 praemissae
2138 2953 2459 3029 Nostrae
2498 2959 2688 3030 Gra·

517 3058 698 3142 tiae,
757 3081 1227 3160 nequaquam
1263 3073 1628 3145 arestare,
1685 3056 2086 3159 impedire,
2130 3074 2270 3134 'seu
2306 3061 2691 3165 perturba·

513 3191 599 3240 re
636 3166 905 3267 quovis
953 3161 1183 3238 modo
1236 3163 1752 3265 praesumatis,
1809 3179 1886 3239 et
1925 3163 2122 3240 aiiud
2158 3165 2300 3242 sub
2351 3168 2689 3268 indigna-

387 3259 400 3278 ’
514 3271 720 3348 tione
779 3269 1054 3346 Nostra
1110 3269 1532 3370 gravissima
1586 3267 1838 3343 facere
1886 3296 2037 3347 non
2091 3276 2353 3349 ausuri.
2426 3276 2690 3352 Datum

507 3377 766 3454 ‘Budae
803 3374 1015 3452 Faria
1034 3377 1278 3450 Tertia
1313 3399 1526 3476 prox.
1577 3389 1746 3449 ante
1780 3367 2079 3451 Festum
2113 3375 2473 3484 Corporis
2497 3382 2691 3457 chri-

514 3486 604 3560 sti
641 3486 862 3664 Alnno
901 3482 1204 3558 Domini
1244 3480 1643 3557 Millesimo
1697 3482 2250 3560 Tercentesimo
2297 3483 2699 3591 Nonagesi-'

510 3615 638 3666 mo
736 3612 946 3665 rimo.

597 3717 671 3779 ln
720 3717 1131 3793 pergamena,
1178 3711 1468 3791 Sigillum
1516 3712 1717 3774 minus
1762 3705 2140 3793 appressmn.
2216 3719 2685 3781 communicavit

710 3797 942 3877 θεοῖς.
986 3797 1405 3874 Gyarikovits.

1408 3919 1791 3996 CXXVII.

512 4040 897 4118 &ga‘smuuduae
926 4041 1152 4094 eandem
1188 4037 1626 4106 &binim-sibus,
1659 4061 1830 4115 quam
1860 4043 2088 4100 ciuibus
2105 4025 2168 4101 ds
2198 4050 2411 4102 Brauo
2430 4067 2679 4104 mman-

705 4137 767 4189 di
798 4134 1101 4190 libertatem
1125 4133 1453 4205 ίηιρονιίων.
1490 4135 1556 4191 A.
1588 4132 1745 4203 1391.

703 4227 1218 4336 sigismundus
1252 4229 1388 4303 Dei
1423 4229 1656 4330 gratia
1691 4230 1859 4307 Rex
1895 4229 2356 4344 Hungariae,
2400 4219 2684 4310 Dalma-
