2875 4842
604 445 783 532 398'

499 666 681 740 mini
722 660 1173 768 supradicto.
1235 650 1761 740 Praesentibus
1787 662 1971 737 viris
2008 660 2351 740 discretis
2386 657 2721 761 Andr-ea,

455 767 955 849 -Cantore
987 771 1314 865 absente,
1349 768 1713 845 Michaele
1733 766 2084 861 Custode,
2110 768 2459 860 Nicolao,
2499 767 2695 841 Pau·

381 882 386 887 ’
505 880 629 972 lo,
681 878 1005 969 Thoma,
1057 879 1382 968 Joanne‚
1456 876 1912 999 Benedicta,
1968 876 2386 975 ceterisque
2430 871 2699 947 Cano-¹·
2726 888 2749 897 ·

509 984 734 1070 uicis,
790 983 1147 1061 fratribus
1206 985 1511 1076 nostris»,
1582 984 1660 1058 in
1725 985 1866 1058 Dei
1904 982 2249 1059 Ecclesia
2305 977 2691 1084 praedicta

501 1095 662 1193 regi
701 1094 964 1193 iugiter
991 1089 1511 1166 famulantibus
1547 1093 2024 1194 sempiterno.
2100 1090 2165 1167 N
2174 1114 2257 1167 os
2284 1088 2512 1191 igitur
2548 1082 2703 1159 hu-

500 1200 822 1273 millimis
866 1217 941 1273 et
977 1195 1274 1273 deuotis
1316 1200 1540 1301 ipsius
1591 1197 1888 1271 Domini
1934 1196 2238 1272 Joannis
2277 1188 2701 1298 Archiam-⁴

498 1307 710 1408 scopi
771 1290 1432 1408 supplicationibus
1511 1303 1872 1377 antefatae
1937 1322 2237 1394 nostrae
2310 1328 2449 1406 per
2508 1326 2693 1375 eum

500 1413 906 1489 subiectiue
961 1411 1191 1484 allatis
1232 1409 1638 1505 Maiestati,
1700 1412 1924 1510 Regia
1972 1411 2419 1511 benignitate
2454 1412 2695 1480 exau-³

503 1519 673 1593 ditis
706 1536 784 1593 et
822 1516 1156 1592 admissis
1192 1514 1642 1607 clementer,
1679 1515 2037 1618 praefatas
2073 1516 2317 1607 binas,
2361 1532 2693 1588 nostram

501 1626 786 1700 scilicet
825 1641 914 1698 et
948 1624 1276 1698 annotati
1313 1623 1618 1727 capituli
1680 1622 2027 1699 Budensis
2076 1620 2561 1725 priuilegiales
2608 1621 2701 1694 li-

504 1748 697 1807 teras
749 1758 904 1806 nou
968 1728 1300 1813 abrasas,
1356 1756 1507 1803 non
1556 1730 2031 1818 cancellatas,
2100 1756 2242 1803 nec
2292 1730 2367 1802 in
2432 1726 2697 1830 aliqua

500 1838 614 1914 sui
659 1855 870 1941 parte
913 1835 1256 1927 viciatus,
1312 1833 1443 1914 sed
1485 1860 1790 1939 prorsus
1845 1836 2051 1910 omni
2082 1832 2529 1938 suspicionis
2568 1835 2695 1907 vi-

499 1944 620 2019 cio
661 1943 1084 2035 destitutas,
1139 1944 1292 2019 imo
1329 1954 1630 2020 nostrae
1675 1958 1753 2017 et
1781 1966 2108 2019 summae
2150 1943 2477 2017 veritatis
2533 1938 2698 2044 ple-

499 2049 838 2125 nitudine
893 2047 1474 2153 praepollentes,
1569 2048 2224 2148 praesentibusque
2286 2048 2380 2123 de
2440 2042 2691 2124 verbo

499 2156 592 2231 ad
615 2156 937 2233 verbum
972 2160 1130 2232 sine
1164 2154 1654 2230 diminutione
1689 2174 1766 2231 et
1811 2175 2201 2258 augmento
2242 2152 2593 2259 aliquali*
2572 2181 2691 2227 m·

497 2282 766 2355 set-tas,
823 2262 1072 2366 quoad
1132 2287 1394 2337 omnes
1454 2287 1710 2336 earum
1747 2261 2274 2356 continentiaS‚
2328 2258 2692 2337 articulos

499 2387 577 2458 et
611 2373 1006 2460 clausulas,
1066 2386 1581 2471 acceptamusf
1632 2369 2172 2470 approbamus,
2230 2385 2304 2443 et
2358 2365 2690 2444 ratifica-

500 2503 684 2551 mus.
754 2477 893 2551 Eas
941 2474 1407 2551 nihilominus
1447 2476 2003 2579 requirentibus
2047 2480 2457 2576 praemissis
2500 2473 2687 2548 fide·

503 2576 825 2661 litahbus
860 2600 935 2658 et
967 2581 1295 2658 fidelium
1347 2582 1879 2685 obsequiorum
1920 2582 2133 2658 laude
2170 2582 2439 2684 dignm
2442 2609 2567 2657 um
2603 2598 2689 2660 et

501 2692 903 2801 praeconio
958 2686 1535 2766 attollendorum
1593 2690 1985 2792 praeclaris
2037 2692 2356 2783 meritis,
2411 2716 2501 2764 ac
2538 2692 2688 2763 siu·

498 2797 693 2872 ceris
737 2780 1328 2899 complacentiis,
1383 2797 1777 2871 memorati
1816 2798 2122 2872 Domini
2166 2796 2489 2873 Joannis
2538 2797 2689 2871 Ar·

498 2901 992 3006 cbiepiscopi,
1051 2901 1269 2976 nobis
1328 2929 1464 3004 per
1512 2906 1752 3005 ipsum
1793 2921 1867 2979 et
1914 2928 2162 2979 sacrae
2199 2930 2520 2978 coronae
2572 2929 2689 2976 re-

497 3011 658 3111 giae
703 3009 884 3083 locis
957 3034 1046 3083 ac
1098 3010 1562 3108 temporibus
1625 3032 1795 3084 cum
1860 3036 2249 3112 supremae
2305 3009 2683 3085 fidelitatis

498 3115 907 3191 constantia
945 3115 1316 3218 inttepide
1367 3112 1671 3190 exhibi?
1651 3141 1710 3190 is
1753 3135 1831 3192 et
1869 3117 2221 3220 impensis
2257 3118 2352 3191 de
2388 3119 2683 3192 Praela-

498 3239 744 3298 torum
777 3241 855 3298 et
893 3224 1264 3331 Batonum
1300 3241 1726 3298 nostrorum
1774 3224 2085 3301 consilio
2147 3242 2629 3325 praematuro
2653 3281 2681 3315 ‚

497 3333 693 3432 regia
741 3329 1229 3420 authoritate,
1299 3345 1375 3403 et
1428 3329 1805 3431 potestatis
1861 3329 2357 3434 plenitudine,
2432 3358 2521 3406 ac
2580 3356 2683 3406 ex

494 3453 695 3510 certa
726 3447 1021 3513 nostrae
1054 3433 1454 3510 Maiestatis
1492 3432 1837 3519 scientia,
1894 3463 2035 3540 pro
2088 3437 2358 3513 eodem
2406 3438 2681 3512 Domi-'-

493 3565 594 3614 no
626 3543 915 3618 Joanne
945 3536 1579 3647 Archiepiseopo,
1612 3559 1689 3617 et
1725 3569 1864 3646 per
1897 3568 2365 3644 consequens
2398 3571 2543 3648 pro
2586 3545 2685 3619 il-

493 3645 571 3723 lo
602 3649 721 3723 vel
758 3651 916 3735 illis,
972 3651 1093 3724 cui
1133 3652 1260 3725 vel
1281 3645 1560 3751 quibus
1593 3644 1976 3727 bominum
2018 3654 2399 3753 personis,
2455 3678 2681 3755 prae-

488 3753 745 3829 sertim
801 3744 1045 3829 tamen
1100 3755 1667 3845 Ecclesiasticis‚
1745 3756 2015 3856 quibus
2078 3757 2237 3860 ipse
2314 3756 2680 3834 Dominus

483 3858 807 3935 Joannes
858 3859 1483 3969 Anchiepiscopus
1537 3880 2031 3940 memoratam
2084 3865 2673 3966 possessionem,

483 3966 745 4068 Bayon
788 3983 1166 4062 vocatam,
1224 3972 1297 4043 in
1348 3975 1492 4044 vita
1529 3973 1644 4044 vel
1691 3971 1766 4043 in
1811 3988 2054 4048 morte
2087 3970 2470 4074 legandam
2517 3970 2675 4048 du-

484 4077 720 4165 xerit,
778 4072 1194 4163 donandam
1231 4095 1305 4151 et
1343 4076 1973 4179 perpetuandam,
2027 4097 2150 4154 aut
2189 4103 2363 4154 cum
2405 4076 2672 4156 eadem

485 4184 1106 4287 permutationem
1177 4180 1592 4260 faciendam
1616 4238 1638 4279 ,
1727 4184 1943 4263 simul
1999 4209 2215 4263 cum-
2251 4186 2671 4291 praemissis
