2875 4842
685 470 833 537 114

579 705 780 755 sores
838 676 1397 782 praemissarum
1451 671 1864 747 Vinearum
1930 670 2374 750 secundum·
2416 674 2773 760 iustitiam

577 784 998 892 praedictae
1024 780 1359 857 Civitatis
1390 782 1752 856 'terminos
1779 780 1992 868 iuri8‚
2038 780 2323 856 scilicet
2341 796 2530 864 ,tre-s.
2549 783 2773 882 quin·

579 892 803 967 denas
840 889 1117 966 habere
1150 904 1449 990 possent
1480 888 1711 961 Causa
1751 887 1826 960 in
1870 886 2124 960 eadem
2147 936 2172 979 ‚
2227 903 2302 959 et
2338 891 2441 962 sic
2477 887 2774 964 eisdem

575 1000 904 1103 partibus
943 995 1294 1071 ambabus
1331 992 1702 1068 mediante
1745 993 1908 1068 iure
1948 991 2187 1069 dictae
2230 992 2561 1085 Civitatis
2612 1013 2772 1072 tres

570 1105 990 1204 quindenae
1032 1131 1171 1206 pro
1239 1101 1478 1175 uibus
1529 1100 1860 1174 terminis
1911 1100 2243 1174 iuridicis
2282 1114 2494 1190 ermt
2527 1100 2771 1205 depu-

567 1230 803 1303 tatae,
879 1210 1153 1311 quibus
1222 1195 1560 1284 terminis
1625 1204 1951 1284 iuridicis
2008 1232 2146 1311 per
2206 1208 2450 1308 ipsum
2512 1209 2772 1311 Magi-

563 1339 793 1395 strum
847 1316 1231 1392 Nicolaum
1304 1317 1607 1388 Berzete
1648 1314 2026 1416 perceptis
2069 1331 2142 1390 et
2199 1313 2497 1406 auditis,
2555 1316 2768 1392 idem

564 1424 916 1532 Magister
949 1414 1649 1498 Nicolaus'Berzete
1689 1420 2089 1520 Georgium
2146 1418 2528 1495 sartorem
2579 1426 2768 1498 iux·-

558 1549 631 1607 ta
681 1532 1029 1605 iustitiam
1087 1525 1410 1603 eiusdem
1455 1527 1778 1602 Civitatis
1832 1526 1904 1600 in
1966 1526 2120 1629 ipsa
2171 1529 2402 1604 Causa
2448 1527 2630 1605 fecit
2689 1551 2767 1607 et

559 1638 939 1715 constituit
985 1638 1061 1708 in
1099 1662 1306 1710 suum
1349 1659 1612 1708 verum
1666 1650 1890 1734 atque
1929 1632 2338 1736 legitimum
2390 1635 2763 1714 Procura-

558 1763 796 1819 torem
879 1743 1190 1818 Causam
1265 1741 1578 1818 eandem
1643 1737 2032 1816 obtinendi
2106 1757 2181 1817 et
2261 1744 2757 1844 procedendi.

550 1850 880 1926 Tandem
947 1844 1131 1923 seria
1197 1849 1461 1951 quarta
1518 1847 1858 1949 proxima
1909 1865 2080 1921 ante
2129 1846 2434 1932 Festum
2477 1853 2758 1940 Reatae

553 1952 1068 2059 Margarethae
1133 1955 1465 2060 Virginis
1526 1969 1601 2027 et
1659 1952 2055 2054 Martyris,
2107 1954 2460 2036 videlicet
2499 1960 2757 2059 primo

540 2067 874 2138 ‘termino
936 2064 1282 2138 veniente
1354 2058 1777 2164 praedictus
1845 2063 2213 2164 Georgius
2295 2062 2757 2143 Procurator

526 2161 806 2246 'coram
858 2166 1160 2243 ,Iudicio
1194 2227 1203 2236 .
1242 2169 1666 2271 praedictae
1707 2167 2074 2242 sivimus
2141 2174 2573 2274 ,comparuit
2647 2174 2754 2249 ab

549 2305 739 2368 una,
800 2294 876 2351 et
928 2276 1271 2350 similiter
1298 2275 1630 2379 -praesati
1670 2272 2058 2371 homines‚'
2089 2301 2548 2378 possessores
2598 2281 2753 2356 sci-

549 2384 729 2460 licet
770 2381 1315 2487 praedietarum
1370 2382 1776 2458 Vinearum
1841 2382 1916 2458 in
1965 2384 2242 2468 eodem,
2281 2388 2521 2486 primo
2575 2401 2750 2462 ter-

444 2530 451 2540 ·
548 2496 751 2566 mino
811 2516 1063 2565 coram
1120 2491 1346 2592 ipsius
1411 2490 1744 2564 Civitatis
1801 2486 2101 2568 Judicio
2161 2511 2755 2592 comparuerunt

546 2615 756 2703 parte
796 2622 887 2670 ex
928 2593 1199 2686 altera,
1258 2614 1331 2670 et
1371 2598 1480 2672 sic
1524 2596 1693 2695 ipsis
1724 2592 2150 2673 hominibus
2198 2601 2753 2698 possessoribus

550 2701 896 2777 videlicet
946 2704 1484 2800 praedictarum
1521 2702 1950 2780 ,Vinearum
2003 2702 2590 2806 postulantibus,
2632 2746 2752 2763 —-

547 2809 820 2885 iustitia
862 2830 1171 2906 quoque
1206 2806 1458 2881 dictae
1501 2803 1836 2884 Civitatis
1863 2811 2326 2911 requirente,
2382 2813 2560 2913 ipsis
2590 2843 2754 2888 am-

553 2915 799 2991 babus
835 2912 1170 3016 partibus
1213 2914 1484 2989 iterum
1545 2937 1700 2988 erat
1740 2913 2106 3015 praefixus
2157 2919 2523 2996 secundus
2575 2938 2748 2996 ter-

551 3023 798 3097 minus
834 3020 1014 3095 iuris
1039 3076 1062 3113 ‚
1117 3020 1462 3097 videlicet
1508 3036 1768 3123 quarta
1809 3021 1990 3098 feria
2031 3025 2366 3126 proxima
2404 3046 2575 3124 ante
2633 3031 2745 3105 fe-

544 3147 738 3206 stum
775 3127 985 3202 Beati
1037 3128 1301 3204 Jacobi
1343 3121 1683 3231 Apostoli
1728 3147 1894 3231 post
1933 3126 2077 3204 hoc
2120 3157 2334 3234 prox.
2376 3133 2749 3230 affutura,

548 3265 702 3341 quo
769 3234 1076 3336 quidem
1132 3233 1460 3310 secundo
1521 3242 1840 3310 termino
1908 3237 2287 3331 veniente,
2360 3242 2750 3344 praefatus

553 3346 919 3445 Georgius
979 3339 1425 3416 Procurator
1467 3367 1721 3417 coram
1759 3343 1997 3417 dictae
2056 3345 2388 3422 Civitatis
2427 3349 2746 3427 <Iudicio

552 3452 823 3524 iterum
861 3449 1280 3552 comparuit
1334 3447 1429 3522 ab
1469 3476 1659 3544 una,
1717 3473 1857 3523 nec
1917 3451 2067 3525 non
2113 3454 2329 3528 etiam
2373 3457 2746 3553 praedicti

551 3553 883 3630 homines
929 3577 1387 3657 possessores
1443 3554 1719 3631 scilicet
1754 3553 2291 3634 antedictarum
2330 3561 2748 3642 Vinearum

552 3658 782 3738 modo
836 3661 1197 3736 consimili
1249 3663 1321 3735 in
1381 3660 1646 3736 eodem
1702 3663 2028 3740 secundo
2074 3667 2395 3742 termino
2432 3695 2746 3775 compa·

555 3780 877 3844 ruerunt
922 3784 1128 3867 parte
1182 3794 1274 3841 ex
1323 3769 1574 3842 altera.
1668 3771 1924 3871 Itaque
1957 3769 2232 3845 eisdem
2273 3774 2750 3878 hominibus»,

434 3919 442 3926 -
558 3868 1101 3978 possessoribus
1143 3871 1425 3951 scilicet
1459 3874 1996 3979 praedictarum
2043 3877 2447 3956 Vinearum
2486 3904 2752 3989 postu-

560 3978 882 4055 lantibus
913 3978 1317 4056 secundum
1353 3983 1709 4057 iustitiam
1752 3981 1990 4057 dictae
2031 3986 2399 4082 Civitatis,
2455 3995 2742 4068 iterum

564 4085 844 4161 eisdem
887 4083 1241 4160 ambabus
1283 4076 1615 4188 partibus
1676 4106 1837 4164 erat
1895 4086 2284 4191 deputatus
2341 4101 2602 4175 tertius
2655 4121 2742 4179 et:

558 4190 790 4270 finalis
824 4193 1179 4270 terminus
1210 4192 1429 4287 iuris,
1485 4193 1829 4274 videlicet
1880 4193 2064 4274 feria
2103 4203 2428 4280 secunda
2457 4209 2730 4309 proxi-
