2875 4842
658 455 808 530 592
892 517 897 523 .

546 665 1194 765 distingverentur‚
1217 659 1323 736 ibi
1362 687 1579 736 unam
1603 679 1901 756 metam,
1934 661 2107 739 inde
2137 661 2388 739 eundo
2412 687 2572 763 per
2595 686 2776 734 ean·

548 773 717 848 dem
753 774 1047 863 lineam,
1091 788 1167 845 et
1207 766 1487 844 bouum
1510 771 1825 872 spatium
1857 773 2360 877 pervenissent
2388 766 2486 840 ad
2517 794 2772 869 quen-

550 878 717 955 dam
758 877 1114 960 rivulum.
1171 901 1257 950 ac
1285 875 1580 980 pratu'm
1621 877 2188 983 Czatczapataka
2230 875 2527 950 dictum
2555 931 2582 963 ,
2669 874 2768 948 nbi

553 1013 770 1061 unam
805 1001 1072 1058 metam
1111 983 1609 1086 assignassent.
1662 985 1847 1061 Inde
1886 984 1979 1060 ad
2042 982 2512 1088 praedictum
2581 1009 2770 1084 spa-

554 1094 739 1169 tium
780 1090 1386 1182 meridinionale‚
1443 1106 1519 1163 et
1576 1087 1862 1167 bonum
1921 1093 2235 1196 spatium
2284 1089 2772 1163 transeundo

552 1223 695 1304 per
726 1198 1097 1301 quendam
1138 1210 1470 1271 montem
1515 1219 1735 1301 supra
1776 1202 2133 1277 verticem
2166 1194 2492 1299 ejusdcm
2536 1220 2771 1270 mon·

555 1309 642 1380 tis
670 1305 1080 1381 Hradnicza
1117 1317 1465 1379 vocatum
1490 1329 1577 1378 ac
1616 1300 1940 1397 Radcza,
1967 1311 2060 1392 ·in‚
2103 1329 2258 1410 quo
2295 1304 2465 1376 loco
2512 1300 2775 1405 quud·

556 1411 721 1487 dam
768 1431 1058 1515 pratum
1094 1427 1328 1502 esset,
1382 1409 1557 1485 inde
1591 1411 2076 1489 inciinaretur
2115 1437 2253 1514 per
2288 1409 2482 1484 viam
2529 1426 2776 1484 trans·

553 1521 699 1596 iret
737 1519 827 1593 ad
872 1517 1190 1593 rivulum
1230 1515 1617 1593 Kulbueza
1661 1515 1939 1595 dictum
1964 1575 1985 1613 ,
2060 1532 2332 1594 metam
2375 1520 2768 1617 assignas-

557 1644 743 1700 sent.
799 1622 980 1700 Inde
1013 1622 1263 1699 eundo
1303 1650 1442 1728 per
1483 1622 1855 1727 quandam
1911 1641 2179 1729 aquam
2250 1649 2383 1697 sen
2443 1623 2764 1697 fluvium

556 1731 976 1807 Bisztercze
1016 1747 1405 1825 vocatum,
1461 1732 1553 1806 ad
1606 1757 1924 1837 parvum
1975 1752 2313 1809 montem
2365 1728 2760 1805 tendendo

557 1838 890 1941 Isztepna
927 1837 1234 1928 dictum,
1268 1864 1410 1942 pro
1443 1856 1639 1913 meta
1676 1841 2181 1941 assignassent.
2214 1834 2395 1913 Inde
2428 1839 2756 1940 spatium

534 1943 848 2020 'bonum
892 1941 1141 2019 eundo
1178 1970 1311 2047 per
1351 1947 1583 2049 ipsam
1629 1943 1898 2020 lineam
1937 1945 2466 2047 'pervenissent
2503 1944 2600 2017 ad
2639 1949 2752 2017 ri·-

558 2048 871 2141 vulum,'
911 2051 1042 2143 qui
1078 2052 1350 2127 dicitur
1386 2051 1716 2127 Hetbuka
1766 2051 2062 2138 Pataka,
2119 2068 2386 2127 metam
2431 2049 2754 2129 eandem

561 2157 1067 2256 assignassent.
1125 2154 1341 2230 Tunc
1376 2154 1549 2233 inde
1588 2183 1726 2264 per
1761 2159 2082 2264 spatium
2128 2159 2412 2234 bonum
2461 2181 2748 2260 perve-

562 2263 970 2366 nissentUad
1009 2263 1388 2366 pristinam
1421 2281 1737 2356 metam,
1792 2263 1882 2340 ad
1924 2265 2231 2343 fluvium
2267 2265 2750 2338 Kiszuczeviz

561 2369 690 2444 ubi
742 2390 977 2447 metae
1012 2368 1617 2466 determinantur,
1658 2389 1731 2447 et
1766 2397 1872 2448 sle
1920 2372 2223 2477 praefati
2245 2373 2470 2471 Regis
2502 2386 2582 2444 et
2624 2396 2749 2444 no-

560 2479 691 2553 stri
746 2474 1080 2552 homines
1125 2495 1553 2555 annotatum
1618 2479 1984 2554 Joannem
2043 2477 2275 2555 filium
2331 2474 2623 2553 Nicolai
2671 2476 2745 2550 in

561 2586 941 2705 praedicta
975 2584 1557 2662 reambulatione
1582 2600 1943 2662 metarum
1976 2586 2219 2664 dictae
2255 2610 2426 2661 suae
2464 2608 2745 2687 posses·

560 2691 784 2767 atonis
836 2691 1203 2784 Kraszna,
1260 2709 1336 2766 et
1370 2691 1604 2796 ipsam
1644 2692 2188 2770 Possessionem
2234 2692 2743 2796 reliquissent,

562 2795 804 2873 eidem
844 2795 1237 2902 praedictis
1269 2797 1432 2899 jure
1481 2825 1649 2876 suae
1681 2800 2175 2905 exemptionis
2213 2800 2743 2901 'ritulo-possi·

560 2899 875 2977 dentiam
898 2962 919 2997 ‚
977 2901 1178 2979 nulio
1227 2904 1778 2984 contradictore
1806 2931 2033 3012 super
2068 2906 2482 3010 praemissis
2510 2932 2742 3009 appa-

561 3027 795 3086 rente.
860 3011 1123 3086 Datum
1175 3028 1386 3102 sexto
1444 3013 1739 3088 decimo
1787 3011 1956 3103 die,
2016 3012 2161 3090 diei
2211 3010 2739 3089 reambulatio·

560 3114 678 3190 nis
717 3135 1119 3220 metarum,
1153 3136 1227 3193 et
1258 3119 1658 3195 erectionis
1697 3118 2264 3222 praedictarum.
2325 3121 2559 3195 Anno
2601 3123 2740 3193 Do·

560 3222 745 3300 mini
780 3222 1211 3332 supradicto
1249 3223 1387 3301 sub
1423 3221 1874 3332 appensione
1910 3227 2127 3334 sigilli
2171 3228 2401 3305 nostri
2441 3225 2740 3301 authen·

563 3330 708 3405 tici.

646 3467 744 3530 Ex
777 3469 1180 3550 Transumpto
1224 3475 1564 3535 processus
1596 3473 1847 3536 Metalis
1893 3476 2050 3536 inter
2092 3474 2291 3535 Aroes
2345 3477 2409 3534 et
2460 3471 2740 3534 nomini·

752 3592 1010 3656 Budetin
1061 3614 1133 3657 ae
1179 3597 1483 3658 Ztrechen
1534 3599 1863 3670 vertentis,
1949 3608 2011 3658 et
2058 3595 2438 3658 Arhia-atino
2503 3596 2742 3660 Iudicio

750 3720 1057 3795 superati,
1102 3736 1216 3796 pro
1254 3729 1431 3798 parte
1461 3721 1752 3798 Caepario
1794 3719 2096 3799 Zunyogh
2131 3719 2207 3780 da
2240 3721 2616 3782 Jeszenieze
2643 3734 2745 3796 per

757 3840 1285 3937 prothonotarium
1317 3845 1782 3910 Permultum
1816 3845 2110 3906 loannem
2146 3845 2382 3906 Bar-on
2431 3847 2745 3905 authenti-

752 3979 829 4024 σο
865 3962 1138 4042 expediti
1164 3966 1339 4027 Anno
1383 3964 1571 4030 1663.
1617 3965 1768 4042 quo-1
1810 3966 2088 4044 possidet
2134 3968 2339 4029 Nicol.
2379 3967 2745 4029 Jaukovieh.
