2875 4842
2067 492 2218 565 577

142 713 268 769 sus
311 709 670 768 metarum
705 689 1040 776 similiter
1078 691 1341 770 litteris
1382 691 1455 768 in
1492 694 1772 771 eisdem
1809 713 2324 778 contentarum
2363 689 2384 704 ⁸

135 825 286 907 pro
330 825 416 876 se
477 794 999 875 rectificassent
1055 823 1238 901 quas
1299 800 1624 903 prefatus
1684 802 2024 882 Detricus
2073 807 2328 884 Palati·

136 931 343 994 nus‚·
397 933 538 1010 pro
610 904 787 1010 ipsis
863 906 1293 1010 Praeposito,
1374 924 1450 982 et
1499 901 1848 1013 Capitulo
1916 916 2327 1017 patrocinio

132 1010 319 1088 dicti
380 1014 492 1087 sui
554 1012 917 1115 privilegy
985 1013 1434 1090 ratificasset.
1512 1013 1803 1103 Quibus
1857 1016 2326 1097 demonstra-

134 1122 237 1198 tis
276 1118 474 1194 idem
516 1117 967 1196 Procurator
1016 1117 1626 1225 prefati'Capituli
1659 1121 2022 1208 Budensis
2058 1126 2331 1233 allega·

128 1244 258 1302 rat
302 1224 426 1301 t'ali
481 1224 747 1301 modo:
824 1224 1042 1315 Quod
1104 1226 1300 1302 idem
1344 1224 1763 1331 Capitulum
1810 1230 2154 1309 Budense
2203 1235 2329 1308 di-

130 1349 334 1408 ctam
414 1359 621 1410 suam
693 1333 1343 1437 possessionariam
1416 1335 1857 1437 porcionem
1929 1338 2333 1415 Budavari-

129 1453 382 1534 mun,
437 1468 479 1515 a
523 1435 838 1545 prefatis
856 1437 1439 1543 possessionibus
1478 1439 1782 1543 Wylak‚
1827 1459 1903 1519 et
1923 1441 2150 1520 Ozlar
2189 1453 2333 1550 per

125 1564 368 1624 metas
409 1547 856 1653 proscriptas
894 1544 1309 1622 secundum
1354 1547 1621 1621 seriem
1670 1546 1848 1624 dicti
1900 1551 2012 1627 sui
2069 1553 2334 1630 instru-

124 1654 374 1731 menti
426 1654 709 1730 metalis
764 1651 1180 1730 rectificare
1223 1649 1468 1728 vellet.
1544 1652 1639 1728 Et
1678 1655 1851 1759 quia
1905 1673 2051 1732 tam
2090 1658 2332 1765 presa,

126 1776 254 1837 tus
311 1778 751 1865 procurator
800 1759 1131 1836 annotati
1182 1758 1493 1835 Ladislai
1545 1763 1812 1838 actoris
1848 1787 2074 1865 quam
2110 1767 2330 1842 etiam

127 1885 586 1943 memoratus
615 1866 1001 1941 Emer-icus
1053 1866 1127 1940 in
1175 1891 1304 1941 sua
1330 1921 1353 1961 ,
1408 1882 1483 1942 et
1525 1867 1822 1944 antelati
1860 1868 2121 1948 Jacobi
2159 1897 2333 1977 per·

127 1976 338 2049 sonis
375 1971 589 2049 dictis
641 1972 904 2049 litteris
955 1969 1349 2048 metalibus
1391 1972 1621 2077 ipsius
1665 1974 1980 2078 Capituli
2022 1979 2331 2053 Buden-

126 2081 231 2156 sis
281 2107 430 2156 non
462 2078 885 2156 'obiciendo
951 2093 1400 2154 memoratas
1453 2081 1953 2184 possessiones
2005 2082 2330 2186 Wylak,

128 2204 213 2263 et
249 2183 471 2261 Ozlar
516 2184 612 2261 ab
640 2185 930 2261 eadem
987 2187 1335 2290 portione
1384 2185 1781 2291 capitulari
1821 2212 1899 2263 se
2006 2207 2323 2282 estrare,

126 2310 214 2370 et
249 2293 702 2399 distinguere
749 2292 1069 2367 voluerit
1109 2317 1250 2398 pro
1308 2316 1402 2365 eo
1461 2292 1854 2369 amicitiam
1948 2295 2076 2370 icti
2121 2292 2329 2372 Con-

126 2417 398 2476 ventus
448 2399 879 2477 litteratorie
932 2399 1378 2501 petieramus
1417 2396 1842 2501 diligenter,
1909 2417 2327 2504 quantenus

125 2506 474 2612 ipsorum
509 2505 888 2582 mitterent
926 2504 1260 2580 homines
1282 2526 1425 2609 pro
1463 2508 1796 2608 utrisque
1830 2507 2157 2612 partibus
2181 2537 2326 2615 pro

123 2614 485 2690 testimon
489 2638 577 2714 ys
615 2610 1045 2714 fidedignos,
1100 2610 1377 2712 quibus
1415 2610 1879 2715 presentibus
1920 2613 2144 2691 homo
2183 2641 2322 2692 no-

124 2737 287 2796 ster
337 2719 528 2795 infra
578 2716 1056 2795 declarandus
1104 2716 1201 2794 de
1247 2718 1471 2794 Curia
1517 2717 1717 2821 regia
1768 2745 1909 2825 per
1944 2745 2088 2800 nos
2138 2748 2322 2828 spe-

123 2825 425 2902 cialiter
461 2821 701 2902 adhoc
745 2824 1138 2926 deputatus
1177 2827 1252 2900 in
1304 2823 1700 2927 quindenis
1745 2827 1914 2903 festi
1955 2826 2150 2905 beati
2190 2828 2315 2903 Ja-

122 2929 309 3009 cobi
352 2930 717 3038 Apostoli·
740 2945 919 3007 tunc
950 2932 1285 3030 venturi,
1341 2932 1418 3005 in
1457 2929 1718 3008 diebus
1749 2933 1839 3008 ad
1877 2934 1954 3010 id
1992 2937 2182 3040 aptis
2218 2935 2315 3012 ad

120 3038 355 3115 facies
390 3039 840 3146 prefatarum
884 3040 1434 3142 possessionum
1470 3038 1752 3140 Wylak
1788 3040 2010 3117 Ozlar
2045 3056 2121 3118 et
2167 3041 2310 3119 Bu-

118 3146 582 3223 davarimuzt
630 3146 956 3248 parcium
1008 3143 1588 3250 prescriptarum
1627 3147 1933 3240 vicinis,
1986 3166 2065 3224 et
2110 3173 2310 3225 com-

58 3279 61 3282 ’
120 3254 484 3329 metaneis
536 3250 936 3329 earundem
992 3251 1349 3327 universis
1418 3250 1607 3325 inibi
1655 3252 1980 3357 legitime
2031 3280 2309 3333 convo-

120 3363 345 3452 catis,
401 3377 478 3436 et
516 3358 982 3466 presentibus
1029 3355 1145 3435 vel
1191 3383 1447 3434 earum
1489 3356 1826 3460 legitimis
1867 3377 2306 3463 procurato-

117 3466 333 3545 ribus
390 3467 856 3571 presentibus
903 3462 1323 3543 accedando
1375 3464 1624 3569 primo
1683 3465 1952 3543 dictam
2016 3469 2301 3571 portio-

117 3601 294 3649 nem
366 3571 1014 3678 possessionariam
1078 3570 1643 3649 Budavarimuzt
1694 3574 1918 3678 ipsius
1981 3573 2299 3678 Capituli

117 3680 481 3758 Budensis
514 3709 654 3788 per
685 3695 917 3754 metas
940 3735 963 3775 ,
1020 3694 1097 3755 et
1149 3703 1406 3754 cursus
1433 3680 1748 3755 natales
1783 3679 1858 3754 in
1897 3681 2297 3787 superiori-

62 3881 68 3888 ,
116 3787 264 3864 bus
301 3789 752 3892 conscriptas
802 3786 1301 3891 procuratoris
1357 3786 1587 3888 ipsius
1633 3785 1948 3891 Capituli
1995 3785 2295 3865 demon-

111 3895 448 3971 strandas
485 3913 559 3971 et
597 3892 1081 3970 ostendendas
1128 3889 1419 3968 easdem
1467 3910 1695 3968 metas
1745 3896 1805 3972 si
1850 3920 2146 3970 necesse
2182 3895 2290 3968 fu-

118 4003 265 4077 erit
318 4029 360 4074 a
412 4001 779 4106 principio
839 3998 1264 4104 incipiendo
1327 4026 1367 4071 a
1443 4017 1656 4106 parte
1709 4001 1853 4077 iam
1924 4000 2291 4076 dictarum

115 4111 667 4214 possessionum
709 4103 985 4210 Wylak
1019 4105 1285 4213 prefati
1319 4103 1634 4183 Ladislai
1668 4108 1932 4186 actoris
1964 4120 2041 4182 et
2071 4105 2295 4181 Ozlar

116 4213 638 4321 predictorum
690 4213 952 4290 Jacobi
971 4270 989 4297 .
1079 4229 1157 4292 et
1217 4213 1541 4292 Emerici
1612 4213 2145 4306 reambularet,
2218 4229 2296 4289 et

221 4321 439 4400 Tom.
481 4323 580 4399 X.
623 4320 796 4398 Vol.
836 4320 1035 4399 vm.
1806 4323 1904 4410 31
