2875 4842
2037 438 2192 553 25'3

146 686 518 776 universis,
571 684 749 761 illuc
800 682 1131 791 legitime
1192 683 1661 781 convocatis,
1713 700 1792 763 et
1827 683 2298 791 presentibus

145 792 585 887 accedendO,
670 794 1091 868 introducat
1157 793 1569 895 praefatum
1641 794 2042 869 Dominum
2111 796 2298 871 Fra-

148 919 272 977 trm
316 894 607 976 Petrum
645 898 1007 976 Abbatem
1041 900 1119 975 in
1159 902 1589 977 Dominium
1626 898 2062 976 eorumdem
2087 955 2110 995 ,
2159 917 2297 977 sta·

145 1025 430 1110 tuatque
495 1006 793 1081 easdem
867 1033 1040 1082 cum
1115 1009 1476 1083 universis
1533 1009 1679 1107 suis
1735 1005 2168 1083 utilitatibus
2216 1023 2296 1084 et

146 1119 587 1219 pertinentys
659 1113 1039 1217 quibusvis
1100 1110 1341 1189 eidem
1403 1111 1571 1218 jure
1639 1111 1776 1187 sibi
1833 1110 2295 1189 incumbenti

144 1240 485 1326 perpetuo
547 1219 1019 1323 possidendas
1068 1221 1136 1296 si
1197 1245 1353 1295 non
1414 1221 1640 1298 fuerit
1700 1219 2293 1313 contradictum,

142 1328 703 1405 contradictores
739 1354 919 1404 vero
962 1327 1160 1432 siqui
1200 1327 1520 1421 fuerint,
1558 1329 1735 1403 citet
1770 1327 2074 1402 eosdem
2119 1352 2295 1402 con-

145 1453 239 1510 tra
286 1448 711 1511 annotatum
770 1436 1171 1510 Dominum
1210 1435 1544 1511 Fratrem
1582 1435 1879 1510 Petrum
1911 1432 2295 1513 Abbatem

148 1561 450 1617 nostram
498 1540 579 1615 in
634 1546 1075 1643 presentiam
1138 1539 1229 1616 ad
1292 1545 1687 1617 terminum
1743 1557 2297 1642 competentem

146 1651 486 1724 rationem
528 1648 1129 1725 contradictionis
1177 1664 1446 1725 eorum
1477 1647 1916 1723 reddituros.
1994 1646 2091 1723 Et
2128 1662 2300 1750 post

147 1753 304 1830 haec
346 1757 611 1830 seriem
673 1758 995 1860 ipsarum
1064 1755 1640 1834 Introductionis
1711 1771 1790 1829 et
1855 1753 2299 1831 statutioni-

146 1887 299 1938 cum
333 1862 756 1938 nominibus
795 1864 1428 1970 contradictorum
1459 1863 1577 1939 vel
1609 1863 2026 1954 citatorum,
2066 1861 2126 1937 si
2159 1857 2302 1961 qui

143 1967 400 2044 fuerint
432 1970 911 2069 terminoque
944 1975 1313 2072 assignato
1346 1970 1559 2047 nobis
1595 1966 1908 2043 fideliter
1935 1966 2297 2043 rescriba-

143 2079 237 2149 tis.
335 2077 603 2151 Datum
648 2079 721 2151 in
773 2076 1132 2180 Visegrad
1182 2075 1361 2152 feria
1412 2093 1674 2181 quarta
1729 2074 2074 2179 proxima
2128 2091 2300 2178 post

138 2180 387 2258 festum
437 2184 848 2259 Nativitatis
893 2185 1154 2261 Beatae
1195 2183 1525 2289 Virginis
1577 2179 1856 2257 Mariae
1891 2184 2110 2257 Anno
2143 2184 2296 2258 Do·

138 2290 305 2364 mini
366 2289 730 2365 milesimo
818 2291 1341 2367 trecentesimo
1420 2293 1926 2391 octuagesimo
2000 2304 2294 2364 octavo.

139 2396 281 2471 Nos
318 2398 546 2500 igitur
602 2400 1006 2501 praeceptis
1045 2398 1354 2477 Vestrae
1405 2398 1800 2472 Maiestatis
1838 2396 1916 2469 in
1954 2393 2308 2470 omnibus

137 2503 642 2607 obtemperare
696 2506 1079 2607 cupientes
1118 2520 1194 2578 ut
1234 2522 1615 2593 tenemur,
1678 2520 1821 2577 una
1866 2528 2031 2576 cum
2071 2525 2298 2605 prae-

18 2650 21 2663 =
137 2606 278 2684 fato
315 2610 628 2687 Nicolao
665 2608 757 2684 de
791 2612 1026 2714 Halap
1066 2610 1362 2685 homine
1394 2627 1648 2686 vestro
1685 2626 2020 2685 nostrum
2065 2607 2299 2685 homi-

18 2772 21 2803 ÷
136 2741 290 2792 nem
332 2717 675 2793 videlicet
716 2714 1045 2795 Fratrem
1084 2716 1481 2795 Nicolaum
1500 2714 2020 2817 Presbyterum
2065 2742 2300 2793 unum

137 2850 219 2898 ex
264 2827 482 2902 nobis
531 2827 622 2901 ad
676 2829 1025 2927 premissa
1079 2826 1603 2900 transmisimus
1663 2822 2099 2927 exequenda
2154 2849 2295 2924 pro

138 2935 546 3007 testimonio
605 2932 1053 3033 fidedignum
1113 2932 1264 3019 Qui
1315 2933 1617 3006 demum
1688 2928 1959 3006 exinde
2011 2927 2105 3003 ad
2161 2954 2298 3004 nos

136 3042 405 3117 reversi
464 3040 673 3116 nobis
745 3038 1230 3114 conformiter
1284 3040 1737 3130 retulerunt,
1811 3036 2033 3125 Quod
2097 3032 2298 3110 idem
2347 3084 2366 3095 -
2437 3024 2444 3033 ’

137 3143 343 3222 homo
393 3166 635 3224 vester
683 3162 1020 3250 presente
1061 3165 1313 3222 nostro
1345 3142 1806 3220 Testimonio
1849 3144 2032 3217 seria
2079 3144 2296 3216 tertia

18 3336 19 3339 ,
136 3258 461 3354 proxima
511 3273 677 3360 post
727 3254 991 3329 festum
1038 3253 1240 3329 Beati
1300 3250 1614 3325 Gerardi
1660 3248 2008 3349 Martyris
2044 3248 2312 3350 proxi-.

136 3386 241 3434 me
299 3366 740 3462 preteritum
793 3361 883 3435 ad
933 3360 1157 3433 facies
1216 3357 1804 3463 supradictarum
1855 3355 2294 3430 Portionum

124 3471 857 3569 ,possessionariarum
924 3465 1288 3541 Auo-fala
1339 3483 1411 3541 et
1457 3464 1513 3536 F
1518 3463 1895 3555 elsc's-falu,
1952 3487 2094 3537 nec
2144 3487 2304 3536 non

136 3574 298 3650 iuris
356 3578 681 3648 montani
739 3602 825 3648 ac
874 3571 1520 3666 Molendinorum,
1579 3590 1944 3646 terrarum
1994 3567 2301 3643 arabili-

142 3702 344 3759 um.et
380 3707 769 3784 pratorum
804 3705 1027 3782 supra
1066 3678 1657 3780 specificatorum
1685 3677 1943 3752 vicinis
1982 3693 2057 3753 et
2095 3702 2299 3751 com·

137 3792 471 3885 metaneis
517 3815 784 3863 eorum
822 3790 1176 3859 universis
1212 3786 1359 3859 illic
1408 3785 1726 3886 legitime
1768 3786 2193 3859 convocatis
2213 3799 2302 3857 et

146 3896 592 3993 presentibus
631 3893 1197 3980 introduexisset
1221 3950 1241 3988 ‚
1300 3890 1669 3994 prefatum
1697 3892 2097 3964 Dominum
2135 3892 2191 3964 F
2196 3918 2304 3964 ra-

146 4016 319 4075 trem
373 4004 673 4078 Petrum
718 3999 1079 4074 Abbatem
1121 4004 1192 4074 in
1238 3999 1669 4087 Dominium
1724 3995 2123 4073 earundem
2166 4013 2307 4070 sta-

152 4111 530 4213 tuissetque
583 4108 877 4183 easdem
925 4105 1165 4181 eidem
1234 4133 1404 4181 cum
1465 4106 1824 4181 universis
1875 4101 2312 4178 utilitatibus

151 4228 217 4286 et
250 4218 709 4316 pertinentiis
747 4213 1209 4316 quibuslibet
1242 4217 1410 4288 iure
1449 4212 1587 4288 sibi
1641 4209 2122 4287 incumbenti·
2143 4234 2308 4312 per·
