2875 4842
2064 378 2213 447 637

113 586 332 679 tiae,
387 583 730 661 croatiae
779 586 922 660 etc.
969 582 1198 675 Rex,
1212 628 1216 634 -
1267 576 1608 659 fidelibus
1672 589 1955 661 nostris-
1990 583 2325 690 providis

109 691 436 781 sudmi,
488 693 800 784 sumtis,
855 689 1315 790 eaeterisque
1356 690 1659 766 Civibus
1705 708 1781 766 et
1815 691 2324 771 Communita-

119 801 185 871 ti
259 790 587 873 Civitatis
632 814 928 873 nostrae
981 796 1439 873 Posoniensis
1499 798 1807 873 salutem
1863 814 1940 874 et
1995 798 2324 902 gratiam.

116 900 366 980 Licet
412 903 586 979 alias
629 902 804 977 dum
857 901 1098 979 adhue
1149 903 1224 975 in
1281 905 1539 1006 Regno
1590 919 1844 979 nostro
1904 903 2323 1010 Hungariae

120 1002 471 1087 essemus
520 1011 933 1107 constituti,
986 1034 1291 1085 munera
1352 1027 1605 1088 nostra
1655 1009 2045 1086 strenualia
2103 1013 2327 1086 vestri

125 1143 237 1192 ex
269 1134 487 1222 parte
524 1117 745 1194 nobis
803 1134 880 1194 et
940 1116 1158 1191 Fisco
1213 1133 1473 1193 nostro
1522 1119 1600 1192 in
1665 1116 1958 1219 signum
2007 1116 2322 1194 dominii

128 1225 393 1299 nomi
427 1224 815 1320 naturalis,
868 1221 1165 1327 singulis
1205 1224 1418 1297 annis
1463 1249 1604 1328 pro
1644 1247 1842 1298 novo
1896 1228 2093 1298 an'no
2135 1249 2326 1325 pro-

130 1332 411 1405 venire
445 1328 810 1422 debentia,
848 1326 1364 1458 serenissimae
1386 1331 1749 1406 Dominae
1767 1331 2098 1433 Reginae
2122 1330 2325 1407 Con·

135 1435 420 1515 thorali
465 1453 758 1513 nostrae
796 1440 1266 1529 carissimae,
1304 1437 1499 1513 serie
1538 1438 1853 1512 aliarum
1883 1439 2329 1514 Litterarum

136 1558 570 1617 nostrarum
604 1541 698 1616 ad
733 1560 938 1618 certa
972 1559 1312 1645 tempora
1355 1543 1433 1618 in
1493 1541 1774 1620 eisdem
1828 1542 1983 1620 aliis
2024 1541 2327 1620 Litteris

138 1652 417 1726 nostris
439 1648 784 1726 denotata
831 1676 966 1751 per
997 1675 1129 1725 vos
1169 1648 1655 1724 administrari
1686 1649 2276 1727 mandauerimus
2300 1648 2350 1743 ς’

139 1774 395 1831 tamen
439 1757 612 1859 quia
646 1759 791 1831 iam
831 1756 1214 1860 completis
1245 1754 1639 1859 praedietis
1678 1759 2140 1861 temporibus
2167 1760 2325 1859 ipsa‘

140 1889 459 1939 munera
491 1882 736 1939 nostra
771 1864 1110 1940 streualia
1146 1862 1517 1951 Maiestati
1552 1882 1846 1940 nostrae
1887 1862 2162 1951 debent
2194 1867 2323 1940 ite·

142 1995 321 2043 ium
362 1996 569 2045 more
607 1969 781 2045 alias
814 1987 1168 2045 consveto
1206 1971 1612 2072 provenire
1659 1988 1735 2047 et
1778 1971 2320 2047 administrari:
2391 1994 2400 2002 ·

143 2075 321 2150 ideo
358 2093 640 2151 vestrae
677 2076 1163 2152 universitatis
1205 2073 1565 2152 Fidelitati
1595 2074 1998 2153 firmissime
2037 2077 2369 2182 praeci·

143 2185 391 2288 pimus
452 2200 530 2257 et
581 2181 1056 2275 mandamu3‚
1128 2199 1488 2283 quatenus
1549 2205 1952 2259 memorata
2013 2210 2319 2259 munera

145 2307 399 2364 nostra
434 2287 842 2383 Strenuus,
883 2290 1109 2366 vestri
1147 2305 1393 2391 parte,
1438 2290 1653 2363 nobis
1696 2308 1771 2365 et
1813 2293 2024 2366 Fisco
2064 2310 2320 2366 nostro

149 2420 346 2470 anno
436 2398 517 2471 in
613 2399 976 2499 praesenti
1081 2396 1477 2500 provenire
1591 2392 1930 2471 debentia
1972 2453 1996 2485 ,
2106 2397 2321 2472 simul

150 2528 323 2579 cum
365 2503 517 2578 aliis
550 2502 1028 2596 muneribus,
1082 2527 1303 2604 quae
1316 2519 1655 2607 tempore
1713 2504 2349 2604 praesentationis⁴

147 2607 561 2685 huiusmodi
602 2634 991 2689 munerum
1031 2610 1456 2684 strenalium
1491 2636 1624 2710 per
1677 2636 1804 2685 vos
1840 2611 2087 2686 offerri
2125 2626 2319 2686 con-

149 2733 582 2805 neverunt,
624 2743 856 2817 usque
911 2715 1205 2793 felicem
1258 2735 1587 2791 nostrum
1642 2717 1719 2791 in
1778 2720 2121 2818 Regnum
2169 2734 2353 2790 no-‘

152 2838 379 2898 strum
435 2824 855 2925 Hungariae
919 2820 1377 2926 praedie‘tum
1437 2780 1942 2916 aduentum?
1958 2842 2131 2926 erga
2192 2849 2322 2900 vos

149 2932 585 3020 reservetis,
615 2930 1002 3003 ‘Maiestati
1034 2948 1324 3005 nostrae
1358 2930 1434 3004 in
1484 2930 1866 3033 praedicto
1900 2949 2155 3007 nostro
2199 2929 2325 3003 ad-

150 3055 368 3113 ventu
391 3064 529 3139 per
560 3061 690 3110 vos
720 3033 1246 3139 praesentanda
1267 3087 1293 3123 ,
1349 3060 1491 3111 nec
1527 3036 1847 3139 cuipiam
1881 3038 2085 3112 alteri
2115 3062 2323 3139 prae-

156 3163 436 3219 narrata
476 3168 780 3216 munera
807 3144 1146 3217 strenaiia
1183 3144 1334 3218 sitis
1367 3144 1523 3219 ausi
1558 3141 1736 3217 dare
1769 3161 1842 3218 et
1888 3160 2328 3246 piaesente-

154 3277 278 3342 re,
329 3250 595 3354 quovis
639 3249 900 3333 modo.
959 3265 1033 3323 et
1067 3277 1206 3325 nec
1246 3275 1461 3326 secus
1498 3250 1637 3325 sub
1693 3249 2131 3326 obtententu
2172 3273 2322 3324 no-

155 3375 340 3431 strae
397 3359 672 3458 gratiae
730 3355 986 3431 facere
1048 3357 1546 3460 praesumatis.
1656 3358 1926 3430 Datum
1987 3352 2320 3429 Basileae

158 3460 333 3538 feria
370 3464 688 3563 secunda
750 3488 957 3566 prox.
1001 3481 1169 3539 ante
1209 3465 1478 3538 festum
1520 3466 1597 3539 Β.
1640 3462 1937 3538 Fabiani
1979 3484 2058 3538 et
2095 3461 2322 3535 Seba-

156 3569 359 3645 stiani
399 3569 811 3644 Martirum.
871 3570 1089 3644 Anno
1159 3570 1462 3644 Domini
1526 3570 2099 3644 MCDXXXIV.
2162 3571 2321 3643 Re-

162 3702 468 3781 gnorum
506 3694 927 3751 nostrorum
960 3702 1153 3749 anno
1199 3676 1443 3778 Hung.
1496 3694 1635 3750 ete.
1679 3673 1988 3750 XLVII.
2048 3680 2324 3750 Roma·

166 3808 420 3857 norum
460 3782 748 3858 XXIV.
806 3781 1201 3857 Bohemiae
1241 3783 1444 3858 XIV.
1498 3781 1802 3886 Imperii
1841 3809 2017 3858 vero
2057 3787 2324 3886 primo,

71 3942 78 3953 .
172 3887 281 3985 (L.
332 3887 448 3982 S.)

259 4007 329 4071 A.
376 4011 564 4071 1434.
607 4011 766 4070 feria
810 4011 931 4072 3-a.
982 4011 1123 4068 ante
1174 4009 1402 4069 festum
1458 4007 1957 4070 Annuneiationis
1996 4008 2069 4068 Β.
2117 4005 2206 4064 Μ.
2252 4006 2330 4074 V,

347 4114 591 4179 Basilee
623 4132 852 4179 moram
894 4120 1148 4181 nectens
1189 4112 1624 4192 sigismundus
1661 4113 1739 4177 R.
1774 4115 1991 4176 iterato
2036 4108 2336 4192 praecipit
