2875 4842
624 458 784 533 406

516 664 880 773 modique
920 666 1342 747 contractui
1384 679 1470 743 et
1511 660 2004 745 medeamini
2035 681 2374 745 nostrum
2408 664 2708 771 regium

520 774 955 854 benicolum
1006 797 1453 853 eonsensum
1490 772 1770 878 pariter
1803 792 1881 852 et
1931 797 2305 850 assensum
2350 772 2709 851 adhiben·

517 881 619 959 do
664 904 805 988 pro
843 883 950 958 eis
1005 905 1094 956 ac
1142 884 1473 984 ipsorum
1516 879 1914 958 heredibus
1959 883 2038 955 in
2093 902 2318 956 euum
2357 881 2710 958 valituras

520 990 960 1068 innouantes
1008 988 1490 1092 dignaremur
1544 987 2027 1078 confirmare,
2093 985 2433 1075 Quarum
2485 1005 2712 1064 tenor
2767 993 2774 999 ’

520 1094 686 1171 talis
726 1114 876 1190 est,
932 1093 1088 1184 Nos
1137 1094 1660 1199 sigismundus
1694 1097 1839 1171 Dei
1881 1092 2129 1198 gracia
2181 1121 2318 1172 rex
2367 1094 2712 1198 Hungar.
2791 1127 2798 1132 ·

526 1197 838 1292 Dalmat.
879 1203 1143 1280 Croae.
1183 1219 1324 1278 etc.
1348 1198 2517 1302 MarchioqAEt-andenburgensis
2552 1219 2710 1278 etc.

521 1307 738 1385 Sacri
774 1310 1092 1386 Romani
1124 1306 1435 1412 Impery
1466 1308 1784 1392 vicarius
1819 1307 2184 1412 generalis
2225 1326 2302 1383 et
2335 1310 2548 1411 regni
2573 1308 2717 1384 Bo·

521 1413 763 1492 hemie
827 1416 1300 1496 Gubernator
1328 1461 1354 1511 ,
1437 1413 1807 1498 Memoris
1885 1413 2491 1492 commendamus
2565 1440 2713 1515 per

524 1541 953 1626 presentes,
1021 1523 1244 1613 Quod
1297 1523 1641 1624 magister
1691 1518 1955 1598 Paulus
2020 1519 2218 1597 filius
2273 1519 2549 1598 Mathie
2603 1520 2709 1597 de
2793 1615 2802 1620 ὓ

525 1630 786 1706 Kovar
810 1625 1444 1708 ‚prothonotarius
1471 1626 1761 1710 domini
1799 1626 2086 1703 Nicolai
2138 1627 2234 1704 de
2272 1630 2467 1702 Gara
2508 1625 2712 1702 Pal·-

524 1735 702 1830 tini,
757 1761 985 1812 onera
1031 1734 1347 1811 Ladislai
1383 1752 1462 1820 et
1503 1733 1857 1826 Johannis
1908 1732 2230 1810 filiorum
2268 1759 2576 1810 suorum
2619 1735 2708 1808 in

525 1866 604 1916 se
650 1840 1220 1944 assumpmendo
1255 1842 1351 1919 ab
1396 1870 1600 1933 una‚·
1635 1843 1833 1920 Item
1875 1839 2289 1941 Stephanus
2331 1837 2523 1916 filius
2564 1841 2708 1915 Jo-

528 1943 790 2022 hannis
838 1945 1013 2026 dicti
1064 1949 1258 2034 Raak
1301 1947 1431 2050 fily
1483 1944 1712 2024 Mako
1760 1946 1855 2022 de
1899 1945 2262 2041 Mohora,
2319 1973 2509 2024 onus
2556 1947 2707 2023 La-

520 2051 735 2162 ,dislai
786 2051 917 2156 fily
960 2059 1072 2130 sui
1109 2080 1332 2159 super
1372 2081 1454 2130 se
1495 2051 1926 2157 recipiendo
1960 2080 2213 2134 eoram
2267 2054 2486 2130 nobis
2526 2079 2709 2130 con·

524 2162 755 2237 stituti
807 2159 1159 2237 dixerunt
1199 2179 1277 2238 et
1328 2176 1500 2236 sunt
1535 2159 1883 2237 'confessi
1948 2163 2026 2236 in
2067 2158 2283 2248 ,hune
2346 2156 2706 2255 modum,

532 2266 754 2357 Quod
786 2269 922 2372 ipsi
954 2269 1034 2342 in
1070 2265 1267 2343 facto
1298 2264 1679 2343 cuiusdam
1722 2267 2205 2369 possessionis
2236 2293 2497 2343 eorum
2541 2266 2707 2344 Mo-

528 2372 709 2449 hora
766 2373 961 2478 apud
1027 2400 1283 2451 manus
1316 2377 1672 2478 *ipsorum
1734 2372 2040 2476 pacifice
2104 2374 2482 2450 existentis
2557 2372 2708 2449 tale

527 2480 1006 2562 moderamen
1047 2479 1428 2557 duxissent
1461 2481 1877 2556 faciendum
1916 2499 2000 2556 vt
2020 2479 2146 2560 vbi
2176 2508 2319 2556 vna
2360 2482 2706 2586 parcium
2791 2578 2800 2584 ·

452 2647 457 2652 .
529 2603 700 2661 ante
737 2588 1037 2665 alteram
1067 2587 1163 2663 de
1195 2586 1444 2663 medio
1476 2588 1623 2662 suis
1660 2586 2059 2662 heredibus
2093 2588 2483 2664 tolleretur
2522 2604 2706 2661 tunc

532 2694 1086 2796 totalis‘porcio
1140 2693 1295 2770 talis
1346 2693 1779 2769 decedentis
1842 2697 1920 2770 in
1981 2693 2178 2770 dieta
2238 2693 2707 2799 possessione

537 2793 849 2875 Mohora
907 2799 1152 2874 habita
1219 2801 1294 2880 in
1363 2797 1669 2877 alteram
1742 2818 2031 2903 partem
2105 2803 2574 2906 superstitem
2627 2817 2712 2877 et

529 2907 687 2980 eius
740 2906 1051 3001 heredes
1109 2905 1334 2982 veluti
1387 2902 1691 2981 fratrem
1740 2909 2520 3011 congeneracionalem
2584 2904 2710 2980 ad-

528 3012 894 3115 optimum
950 3041 1120 3093 cum
1162 3015 1365 3089 omni
1414 3015 1831 3117 integritate
1874 3014 1986 3090 sui
2035 3014 2350 3116 dominy
2386 3014 2708 3090 vtilitati-

524 3117 820 3223 busque
862 3122 1219 3196 vniuersis
1267 3119 1493 3224 pleno
1534 3147 1705 3196 cum
1749 3115 1996 3197 efectu
2031 3120 2578 3198 redundaretur
2606 3145 2709 3197 eo

527 3221 724 3305 facio
768 3255 947 3329 ymo
1014 3227 1357 3302 fecerunt
1407 3243 1486 3301 et
1528 3221 2225 3306 firmarunt'coram
2275 3227 2490 3303 nobis
2534 3251 2709 3330 pre-

528 3337 865 3419 sencium
899 3335 1447 3438 perfvigorem,
1507 3334 1775 3412 Datum
1822 3332 2031 3411 Bude
2084 3334 2408 3414 secunda
2442 3333 2562 3409 die
2599 3334 2710 3418 fe-

523 3440 616 3516 sti
686 3441 1273 3520 circumcisionis
1323 3441 1670 3533 Domini,
1723 3442 1946 3518 Anno
1998 3442 2325 3522 eiusdem
2389 3440 2713 3517 Millesi-

525 3572 677 3622 mo·
706 3545 1452 3652 Quadringentesimo
1505 3548 1770 3642 Nono,
1825 3545 1981 3625 Nos
2019 3551 2241 3653 igitur
2280 3550 2710 3625 humillimis

523 3669 603 3727 et
650 3651 942 3729 deuotis
981 3658 1317 3758 ipsorum
1355 3653 1714 3754 magistri‘
1741 3657 1947 3732 Pauli
1996 3676 2072 3733 et
2122 3653 2481 3762 Stephani
2524 3681 2709 3758 sup-

523 3758 1058 3861 plicacionibus
1098 3779 1345 3839 nostre
1387 3787 1526 3865 per
1580 3786 1713 3836 eos
1755 3768 1903 3839 suis
1945 3765 2566 3866 etgpretactdrum
2605 3761 2704 3840 fi·-

523 3865 793 3945 liorum
844 3892 1102 3942 eorum
1153 3867 1578 3943 nominibus
1629 3868 1865 3944 modo‘
1913 3871 2235 3962 antelato
2293 3868 2710 3947 subiectiua

521 3969 786 4050 oblatis
807 3974 1161 4058 maiestati
1194 3977 1391 4075 regia
1414 3975 1860 4077 benignitate
1881 3978 2240 4054 exauditis
2280 3997 2355 4054 et
2383 3975 2710 4054 clemen-

525 4096 643 4154 ter
704 4079 1030 4155 admissis
1098 4081 1583 4185 praescriptas
1653 4081 1930 4160 litteras
1999 4103 2288 4163 nostras
2364 4102 2706 4190 patentes

523 4209 678 4278 non
712 4187 1005 4284 abrasas
1028 4215 1186 4283 non
1213 4186 1643 4272 cancellatas
1684 4216 1826 4268 nec
1861 4194 1937 4267 in
1959 4192 2206 4300 aliqua
2226 4218 2492 4275 eorum
2527 4219 2702 4298 par-
