2875 4842
2044 441 2200 516 333

128 656 278 729 Rex
294 649 588 730 dictum
620 649 1018 726 claustrum
1045 629 1153 723 de'
1179 672 1548 725 consensu
1581 666 1657 725 et
1684 645 2149 755 beneplacita
2171 678 2301 732 vo·
2436 733 2439 734 f

130 759 389 848 luntate
433 755 801 833 Dominae
839 754 1116 852 Mariae
1148 759 1505 860 reginae,'
1531 758 1892 833 consortis
1926 783 2302 838 suae-suo·

128 891 435 972 rumque
483 862 1038 957 praelatorum,
1091 881 1170 940 et
1206 865 1575 939 Beronum·
1606 860 1915 940 consilio
1957 891 2301 944 amnne·

128 972 260 1048 rsri
308 972 620 1061 volens,
667 970 784 1046 via
818 970 1378 1074 permutationis
1427 969 1826 1074 quamdam
1940 973 2298 1051 ossessio-
2370 1029 2375 1046 .

127 1105 280 1156 nem
312 1106 529 1156 suam
569 1074 895 1182 regalem
928 1077 1059 1153 Ka
1079 1077 1303 1153 arad
1325 1074 1668 1154 'secatam
1700 1076 1895 1153 simu
1958 1099 2131 1156 cum
2163 1082 2297 1158 vit·

127 1187 202 1262 lis
234 1185 319 1262 ad
359 1186 682 1263 eandem
739 1183 882 1259 rite
919 1183 1477 1290 spectantibus,
1532 1182 1882 1292 videlicet
1937 1186 2294 1264 Eolves

125 1309 192 1368 et
219 1293 347 1368 alia
401 1293 795 1383 Eolves,
853 1291 1036 1369 item
1079 1290 1486 1393 Thydrum
1545 1292 1742 1379 Bau,
1796 1290 2008 1386 Ker,
2061 1292 2294 1371 Thar-

124 1397 252 1499 dy,
319 1400 519 1477 Rebi
542 1456 566 1495 ,
636 1395 1185 1501 Feberegybaz,
1261 1397 1519 1498 Kepes
1600 1394 1934 1499 Thelky,
2025 1400 2242 1504 cuph
2266 1453 2292 1493 ,

126 1504 477 1583 Andacs
500 1561 526 1602 ,
566 1501 939 1609 Egybazas
958 1502 1337 1599 Szamard‚
1370 1501 1838 1591 Lichamard,
1873 1517 1950 1581 et
1986 1504 2292 1586 Endred

125 1613 556 1705 nominatas,
646 1616 724 1686 in
793 1610 1164 1688 Comitatu
1217 1609 1682 1713 Symegiensi
1736 1607 2023 1687 habitas
2047 1667 2069 1706 ,
2147 1613 2288 1719 ipsi

129 1716 441 1795 Claustra
483 1734 565 1794 et
593 1717 982 1795 Fratribus
1018 1719 1097 1793 in
1156 1716 1424 1798 eodem
1479 1715 1804 1794 Domino
1855 1715 2288 1799 famulanti·-

125 1820 242 1900 bus
262 1880 284 1918 ,
316 1826 393 1901 in
423 1841 807 1902 aeternam
846 1824 1337 1903 Eiemosinam
1359 1881 1382 1920 ,
1438 1850 1614 1900 cum
1646 1819 1997 1900 ‘omnibus
2026 1852 2287 1906 earum

127 1930 536 2008 vtilitatibns
596 1947 673 2008 et
725 1933 1220 2032 pertinentiis,
1295 1931 1431 2009 sub
1479 1932 1627 2007 suis
1684 1930 1883 2006 veris
1940 1931 2157 2010 metis
2209 1953 2289 2014 et

125 2038 419 2142 antiquis
456 2035 557 2115 de
590 2035 1050 2142 plenitudine
1101 2059 1276 2116 suae
1321 2039 1625 2144 Regiae'
1664 2041 2077 2140 potestatis,
2132 2066 2285 2115 no-
2404 2077 2411 2085 ·

127 2169 241 2218 uae
280 2173 454 2222 suae
515 2144 936 2220 donationis
995 2142 1251 2240 titulo,
1309 2163 1386 2222 et
1435 2143 1641 2219 omni
1696 2169 1790 2220 eo
1840 2142 2053 2240 iure,
2125 2175 2284 2250 quo

124 2247 398 2327 eaedem
437 2253 592 2328 rite
623 2275 802 2326 suae
837 2251 1342 2346 incubuissent
1371 2249 1792 2343 collationi,
1848 2250 1942 2326 de
1983 2253 2129 2329 suis
2170 2279 2284 2332 re-

125 2354 239 2458 giis
278 2358 617 2434 manibus
667 2354 988 2435 dedisset
1022 2372 1098 2434 et
1130 2359 1561 2434 contulisset
1597 2375 1969 2462 perpetuo
2002 2375 2078 2434 et
2102 2360 2315 2437 irre-⁴

126 2463 539 2543 uocabiliter
570 2462 924 2540 tenendas
943 2521 965 2558 ,
1022 2461 1502 2569 possidendas
1521 2516 1543 2553 ,
1597 2466 1874 2568 pariter
1902 2481 1978 2540 et
2010 2463 2282 2541 baben-

126 2565 231 2643 das
268 2570 553 2674 absque
585 2568 1049 2676 praeiudicio
1086 2570 1264 2645 iuris
1315 2567 1557 2646 alieni.
1634 2569 1844 2671 Regii
1904 2573 2154 2676 itaque
2205 2590 2281 2648 et

125 2680 322 2752 vestri
354 2676 693 2754 homines
718 2734 740 2768 ,
801 2678 1032 2754 literis
1073 2678 1151 2752 in
1193 2676 1466 2751 eisdem
1502 2675 1857 2751 nominati
1912 2677 2006 2752 ad
2054 2677 2277 2755 facies

127 2778 457 2862 dictarum
504 2786 1129 2891 praescriptarum
1173 2783 1719 2885 possessionum
1756 2783 2048 2878 Karad,
2101 2783 2277 2861 Eol-
2341 2779 2347 2792 ’

130 2909 238 2960 ves
329 2917 414 2968 ac
452 2894 751 2967 alterius
789 2892 1099 2975 Eoives,
1134 2888 1512 2967 Rbtitbeus
1540 2944 1561 2979 ‚
1592 2891 1784 2983 Bar,
1819 2889 2021 2983 Ker,
2054 2891 2274 2980 Tard‚

129 2943 343 3097 Czeiiy
367 2993 539 3098 (sic)
568 2996 945 3074 Teberhaz
972 2992 1141 3096 (sic)
1178 2993 1458 3101 Chepel
1489 2989 1589 3093 (Ἰ)
1623 2993 1934 3097 Tbelky‚
1969 2996 2276 3102 Kumpb

130 3093 468 3199 Egyhazas
497 3102 848 3180 Szamard
870 3160 892 3189 ,
924 3104 1349 3179 Liksamard
1388 3117 1464 3177 et
1508 3097 1811 3177 Endred
1844 3121 2276 3180 vocatarum

127 3205 356 3284 vicinis
373 3211 942 3312 etcometaneis
974 3212 1300 3314 ipsarum
1346 3208 1751 3299 vniuersis,
1806 3208 1989 3283 inibi
2037 3209 2274 3309 legiti-

131 3330 230 3384 me
259 3320 680 3395 conuocatis
718 3317 1187 3402 accedendo,
1244 3314 1659 3420 praefatum
1712 3314 2048 3391 Priorem
2102 3339 2274 3394 me·-
2380 3397 2385 3400 ,

132 3424 367 3496 morati
405 3423 725 3502 Claustri
775 3426 851 3500 B.
890 3422 1268 3499 Michaelis
1306 3421 1759 3525 Archangeli
1811 3421 1905 3496 de
1941 3421 2271 3517 Lcuoeid,

133 3533 194 3594 et
220 3523 498 3608 Fratres
531 3530 1123 3622 Cartbusienses,
1179 3532 1500 3606 claustro
1539 3530 1615 3603 iu
1659 3525 1929 3604 eodem
1966 3529 2128 3628 De'o
2170 3529 2283 3628 fas

133 3628 502 3734 mulantes,
538 3640 616 3716 in
653 3636 1065 3734 deminium
1103 3637 1648 3742 possessionum
1678 3632 2104 3710 earumdem
2140 3635 2285 3711 iri-³

134 3735 644 3837 effluxissent,
698 3743 1141 3848 easdemque
1172 3741 1467 3821 eisdem.
1497 3742 1745 3816 Priori
1780 3757 1863 3818 et·
1894 3731 2271 3818 Fratribus

138 3845 476 3927 antedictis
500 3911 518 3936 ,
557 3851 773 3928 saluis
794 3851 1169 3927 Ecclesiae
1202 3852 1548 3941 Vestrae,
1588 3865 1663 3924 et
1698 3850 1956 3924 vestris
1986 3857 2063 3924 et
2095 3850 2268 3926 alio-

139 3965 277 4023 rum
322 3953 620 4037 Juribus
662 3959 1239 4062 possessionariis
1278 3955 1354 4030 in
1390 3954 1663 4030 eisdem
1696 3956 2287 4052 remanentibus,‘

143 4052 315 4132 nuno
358 4063 902 4144 contradictore
935 4081 1386 4171 apparente,
1442 4065 1931 4139 statuissent.“
