2875 4842
653 450 810 565 4⁶²².

543 675 722 743 ctus,
746 658 841 735 ab
878 655 1224 739 omnibus
1280 670 1360 734 et
1396 657 1703 760 singulis·
1749 652 2124 757 maleficys
2170 651 2604 731 criminibus
2647 672 2725 731 et

546 765 824 843 delictis
857 764 999 871 per
1041 789 1214 856 eos,
1265 781 1395 839 aut
1418 764 1749 865 aliquem
1787 767 2120 867 ipsorum
2162 761 2728 863 quomodocuni·

544 898 732 976 que,
790 891 867 949 et
929 871 1545 976 qualitercunque
1594 869 1946 954 hactenus
2004 887 2083 944 et
2133 894 2368 973 usque
2428 890 2607 946 tunc
2632 868 2735 941 fa·

544 982 718 1073 ctis,
771 996 860 1054 et·
883 976 1370 1082 perpetratis,
1425 1003 1515 1052 ac
1554 978 1961 1079 promisit,
1991 974 2196 1078 quod
2242 1001 2379 1050 nos
2408 973 2733 1051 ratifica-

423 1100 428 1109 “
543 1084 788 1163 bimus
841 1090 1090 1163 omnia
1143 1080 1610 1187 supradicta,
1664 1101 1893 1187 prout
1931 1079 2114 1157 baec
2146 1098 2224 1158 et
2271 1082 2407 1155 alia
2449 1082 2527 1159 in
2566 1074 2733 1182 qui-

544 1188 855 1279 busdam
894 1192 1121 1268 literis
1142 1217 1282 1292 per
1318 1188 1639 1267 eundem
1668 1190 1988 1291 loysium
2008 1190 2360 1262 vicarium
2393 1205 2727 1265 nostrum

543 1296 753 1379 dictis
788 1295 1335 1402 exponentibus
1367 1298 1766 1399 praecipua
1805 1291 1886 1395 (1.
1925 1294 2182 1388 dubia)
2227 1295 2624 1389 concessis,
2659 1311 2731 1368 et

541 1403 752 1483 factis
794 1406 933 1481 sub
988 1403 1200 1479 dictis
1250 1403 1516 1479 Jadrae
1569 1406 1649 1478 in
1692 1401 2031 1479 domibus
2070 1400 2474 1503 Regalibus
2520 1400 2728 1475 habi-

545 1512 845 1589 tationis
884 1511 1067 1587 dicti
1102 1504 1635 1611 nostri-vicary
1669 1527 1837 1585 ante
1870 1525 2197 1585 sanctam
2235 1510 2725 1600 Anastasiam,

544 1620 685 1695 sub
724 1645 917 1694 anno
959 1617 1245 1693 domini
1277 1617 1673 1692 millesimo
1701 1615 2431 1720 quadringentesimo
2474 1641 2725 1691 secun-

543 1724 688 1818 do,
746 1722 868 1800 die
926 1725 1275 1801 vicesimo
1317 1723 1590 1800 mensis
1640 1722 2074 1799 Decembris
2128 1722 2460 1797 decimae
2509 1720 2720 1798 Indi-

545 1832 814 1906 ctionis
887 1829 1222 1935 plenius,
1285 1848 1396 1907 ⁴et:
1460 1830 1804 1907 seriosius
1867 1823 2330 1915 continetur.
2374 1832 2718 1933 'propter

545 1937 748 2040 quod
799 1962 942 2041 pro
994 1940 1331 2042 ipsorum
1386 1937 1924 2040 exponentium
1968 1953 2175 2041 parte
2230 1935 2378 2010 fuit
2420 1933 2720 2010 culmini

545 2062 806 2120 nostro
855 2044 1352 2149 supplicatum
1404 2042 1818 2135 humiliter,
1874 2059 1958 2121 ut
2016 2042 2427 2146 praedictas
2483 2042 2717 2118 literas

543 2149 916 2231 dictorum
978 2151 1426 2227 vicariorum
1481 2168 1907 2227 nostrorum
1958 2149 2510 2252 exponentibus
2557 2150 2749 2252 ipsis·

544 2281 974 2351 concessas,
1029 2275 1104 2332 et
1142 2274 1495 2334 contenta
1546 2259 1622 2331 in
1683 2260 1785 2331 eis
1828 2254 2266 2348 Ratificarc,
2322 2273 2399 2331 et
2439 2281 2715 2360 appro-

545 2362 725 2440 bare
769 2364 865 2441 de
904 2361 1236 2468 specialy
1289 2363 1521 2466 gratia
1564 2360 2072 2466 dignaremur,
2129 2389 2263 2439 nos
2309 2389 2495 2438 vero
2536 2361 2717 2436 fide-

545 2468 727 2547 lium
790 2491 1213 2547 nostrorum
1266 2491 1433 2574 apta
1507 2464 1950 2573 compendia
1998 2472 2218 2574 gratis
2279 2487 2355 2544 et
2416 2466 2709 2572 placidis

471 2623 482 2641 ι
543 2578 922 2656 affectibus
972 2593 1504 2681 prosequentes
1544 2577 1922 2652 necuimus
1961 2577 2037 2673 (l.
2073 2575 2178 2673 d.)
2217 2576 2709 2665 intendentes,

545 2709 739 2783 quae
779 2685 954 2758 dicti
994 2686 1223 2757 nostri
1281 2684 1623 2760 fecerunt
1678 2685 1932 2759 vicarii
1978 2682 2308 2758 debitum
2374 2683 2712 2757 effectum

541 2790 1018 2890 fructumque
1082 2793 1392 2890 sortiry‚
1447 2786 2035 2865 consideratione
2084 2791 2517 2893 praesertim
2561 2790 2711 2863 sin-

545 2921 799 2988 cerae,
855 2915 930 2972 et
971 2898 1372 2971 constantis
1412 2894 1816 2991 fidelitatis,
1868 2924 1956 2972 ac
1994 2896 2281 3000 placide
2320 2895 2711 2999 obsequio-

543 3004 766 3077 sitatis
825 3004 1200 3078 dictorum
1251 3007 1779 3107 exponentium
1832 3029 2006 3106 erga
2052 3028 2192 3078 nos
2253 3002 2711 3078 laudabiliter

543 3110 1113 3211 comprobatae,
1188 3135 1379 3210 quos
1434 3128 1815 3213 praeterea
1874 3105 2129 3209 (lectio
2178 3108 2438 3221 dubia)
2488 3135 2704 3214 prae-

541 3212 810 3307 missis,
867 3234 939 3292 et
1004 3213 1477 3292 uberioribus
1532 3236 1780 3317 gratys
1835 3218 2331 3320 conspicimus
2380 3217 2550 3292 fore
2592 3215 2707 3289 di-

541 3348 724 3425 gnos
775 3328 1264 3428 Ipsorumque
1311 3321 1824 3401 nichilominus
1866 3323 2524 3427 supplicationibus
2564 3348 2709 3397 no-

543 3430 653 3504 bis
710 3432 782 3505 in
841 3431 976 3507 hac
1023 3448 1232 3533 parte
1297 3432 1655 3532 porrectis
1724 3429 2109 3532 benignius
2170 3431 2502 3505 inclinati
2565 3447 2711 3505 tam

538 3541 1022 3640 praescriptas
1054 3537 1338 3629 literas,
1393 3537 1619 3638 ipsius
1649 3537 2044 3638 Chervoye
2067 3536 2434 3637 Voyvode
2482 3534 2707 3613 nostri

537 3643 833 3743 vicary,
889 3670 1113 3747 quam
1173 3638 1537 3745 praefatas
1585 3641 1757 3718 alias
1814 3643 2059 3719 literas
2108 3642 2280 3719 dicti
2325 3644 2538 3744 loysy
2578 3668 2707 3716 no-

536 3753 666 3825 stri
720 3749 1056 3826 similiter
1107 3752 1407 3851 vicary,
1465 3778 1777 3852 quarum
1838 3749 2121 3842 datum,
2178 3750 2709 3854 praescribitur

534 3855 629 3930 de
664 3858 1132 3961 praescriptis
1175 3858 1412 3931 causis
1460 3855 1679 3933 rebus
1730 3874 1806 3932 et
1842 3848 2150 3958 negotys
2203 3857 2544 3961 praefatis
2574 3878 2703 3930 ex·

537 3963 985 4064 ponentibus
1043 3963 1273 4039 modo
1342 3964 1740 4066 praemisso
1798 3989 2225 4056 concessas,
2306 3983 2383 4039 et
2430 3965 2701 4047 factas,

536 4097 623 4148 ac
657 4075 901 4147 omnia
946 4087 1022 4147 et
1068 4071 1362 4174 singula·
1395 4071 1475 4144 in
1517 4074 1624 4145 eis
1666 4087 2061 4165 contenta,
2116 4097 2302 4173 quas
2345 4089 2533 4146 ratas
2548 4126 2575 4183 ?
2631 4086 2703 4145 et

536 4197 770 4281 gratas
817 4179 1185 4285 gerimus,
1240 4193 1600 4279 quatenus
1649 4194 1891 4255 tamen
1926 4179 2099 4256 alias
2136 4179 2279 4256 rite
2327 4196 2405 4256 et
2438 4175 2699 4285 provi·-
