2875 4842
2094 432 2194 554 sa

152 677 558 773 conat-etum
616 692 928 783 propter
979 673 1191 781 quod
1239 676 1409 753 Rex
1466 677 1865 772 Albanus,
1918 687 2052 762 tui.
2094 688 2304 790 regni

152 809 520 892 procerum
561 783 938 863 celebrata
973 784 1588 886 congregatione,
1626 813 1765 865 vna
1814 816 1984 869 cum
2021 790 2298 873 eisdem

152 892 519 986 conclusit,
584 889 875 967 hostem
925 915 1078 964 non
1124 887 1423 971 debere„
1462 898 1877 994 exspectari
1937 902 2145 1002 regni
2208 899 2302 975 ad

154 999 561 1101 penetralia3
615 996 745 1074 sed
784 1021 948 1071 esse
985 994 1092 1070 illi
1122 997 1201 1069 in
1242 995 1421 1073 forti
1455 995 1764 1077 brachio
1822 1002 2298 1085 obuiandum.

153 1107 507 1183 Commota
541 1104 766 1206 igitur
800 1102 1018 1179 totius
1055 1105 1267 1205 regni
1294 1104 1715 1207 Hungariae
1753 1108 2050 1185 militari
2078 1114 2302 1186 virtu-

151 1229 248 1308 te,
296 1238 642 1315 magnum
677 1209 1155 1311 congregauit
1183 1209 1636 1309 exercitum,
1679 1233 1754 1292 et
1783 1218 1858 1291 in
1895 1217 2064 1293 loco
2086 1273 2108 1309 ‚
2151 1215 2302 1292 vul·

148 1319 280 1424 gari
317 1316 808 1424 appellatione
840 1311 1220 1397 Tfidfirew
1257 1334 1564 1411 vocato,
1600 1345 1731 1409 aua
1764 1318 1922 1397 fixit
1964 1325 2303 1415 tentoria,

148 1427 396 1501 Caesar
440 1451 623 1502 vero
652 1422 1094 1501 ,Tui-corum
1149 1460 1254 1474 —
1312 1444 1739 1528 expugnato
1799 1446 2062 1505 eastro‘
2094 1426 2306 1521 Zen-

151 1531 342 1609 drew
373 1549 446 1608 et
482 1532 685 1608 omni
720 1529 1288 1633 poeneRasciae
1326 1556 1505 1634 agro
1524 1558 1697 1609 suae
1735 1538 2104 1638 potentiae
2128 1533 2304 1612 sub-

148 1640 367 1735 iecto,
423 1639 947 1743 Despotoque‚
1001 1634 1214 1740 regni
1247 1637 1403 1712 eius
1440 1639 1808 1735 Domino,
1864 1642 1942 1717 in
1982 1642 2302 1743 Hungu-

150 1744 311 1820 riam
382 1745 775 1850 profugato
814 1799 837 1837 ,
931 1738 1282 1819 frameam
1351 1759 1426 1818 et
1483 1768 1707 1823 omne
1779 1772 1991 1822 suum
2068 1748 2305 1824 robur

149 1852 217 1926 in
251 1853 577 1928 Graecos
631 1851 1026 1926 conuertit.
1083 1888 1189 1907 —
1245 1847 1583 1952 Hungari
1636 1849 1879 1929 autem
1930 1880 2025 1930 ex
2085 1853 2303 1957 longa

149 1960 552 2063 campestris
581 1954 876 2061 hospitii
915 1983 1122 2032 mora
1163 1954 1415 2031 toedio
1451 1957 1694 2035 affecti
1718 2016 1740 2053 ‚
1780 1961 2096 2038 maxime
2133 1987 2305 2036 cum

150 2066 343 2140 multi
365 2091 455 2140 ex
487 2065 628 2138 illis
650 2064 1015 2165 sanguinis
1030 2061 1232 2138 fluxu
1268 2083 1781 2166 grauarentur:
1817 2066 2114 2172 Luppo,
2145 2068 2305 2145 iux-

24 2204 25 2207 *
152 2188 217 2246 ta
258 2174 625 2274 antiquam
672 2171 1007 2273 ipsorum
1074 2169 1735 2268 consuetudinem,
1804 2177 2305 2278 proclamatO‚

24 2336 25 2339 ,
153 2278 381 2352 inuit
406 2306 453 2353 ο
487 2302 590 2351 re
610 2303 717 2381 ge
754 2277 1060 2381 sparsim
1100 2294 1179 2350 et
1209 2276 1514 2353 confuse
1545 2276 1823 2357 relictis
1851 2285 2106 2357 castris
2121 2338 2146 2374 ,
2185 2308 2303 2357 re·

24 2428 27 2437 =
152 2384 481 2462 cedentes
519 2383 941 2461 abierunt.“
992 2380 1179 2459 Ibid.
1218 2404 1377 2486 cap.
1416 2384 1730 2459 XXVII.
1766 2389 1838 2463 R
1857 2412 1899 2462 e
1920 2413 1961 2461 e
1984 2413 2023 2461 e
2045 2415 2092 2492 p
2111 2404 2140 2461 t
2161 2415 2208 2462 u
2230 2414 2306 2462 m

153 2517 513 2568 cernamus
551 2489 949 2564 bellicum:
1004 2488 1424 2585 „videntes
1463 2507 1704 2566 autem
1743 2493 2028 2577 Tatari,
2051 2518 2070 2601 ν·
2099 2493 2307 2598 quod

24 2600 27 2675 J'
154 2600 218 2671 in
248 2598 493 2701 fugam
538 2621 793 2673 versus
823 2614 1017 2672 esset
1056 2596 1429 2672 exercitus
1501 2596 1973 2705 Vngarorum
2003 2657 2024 2696 ‚
2100 2602 2307 2703 quasi

154 2706 397 2779 ostium
434 2702 813 2811 quoddam
849 2720 1302 2811 aperuerunt
1346 2704 1449 2779 eis
1493 2718 1573 2776 et
1599 2708 2121 2811 'permittentes
2178 2731 2309 2781 eos

152 2811 373 2905 abire,
428 2838 579 2886 non
626 2811 1079 2911 impetuose,
1132 2808 1263 2886 sed
1305 2808 1762 2913 pedetentim
1797 2814 2296 2995 inseiilueban-

156 2936 258 2995 tur
290 2945 415 2994 eos
447 2943 542 2993 ex
583 2936 896 3021 vti-aque
930 2936 1145 3023 parte
1170 2972 1193 3010 ,
1249 2943 1395 2992 non
1437 2919 1764 2995 sinentes
1807 2947 1936 2997 eos
2036 2946 2128 2994 ue
2185 2937 2312 2995 aut

24 3046 27 3073 ³
151 3023 306 3101 illuc
345 3022 758 3119 diuertere3
826 3024 1165 3100 iacebant
1215 3041 1463 3100 autem
1518 3051 1652 3128 per
1695 3027 1849 3103 vias
1907 3026 2312 3103 infelicium

24 3156 27 3239 ἑ
154 3157 359 3236 opes,
412 3157 580 3206 vasa
622 3156 848 3206 aurea
884 3149 961 3234 et
998 3147 1385 3233 argentea,
1461 3157 1835 3235 purpurea
1881 3131 2310 3209 indumenta

24 3242 27 3291 ἕ
154 3255 221 3311 et
259 3266 450 3313 arma
485 3236 834 3343 copiosa3
888 3236 1017 3317 sed
1070 3239 1553 3313 Tartarorum
1607 3238 1932 3341 inaudita
1982 3237 2309 3313 crudeli-

159 3359 249 3418 tas
269 3402 292 3440 ‚
343 3343 526 3421 nihil
560 3371 824 3421 curans
856 3344 949 3419 de
983 3343 1237 3447 spoliis
1258 3398 1281 3438 ,
1317 3369 1622 3423 omnem
1653 3350 2143 3451 pretiosarum
2181 3349 2307 3420 're-

24 3460 27 3467 '
157 3476 301 3527 rum
336 3451 890 3557 paruipendens
928 3450 1323 3554 praedam,
1359 3452 1434 3525 in
1472 3452 1625 3528 sola
1663 3451 2048 3529 hominum
2083 3452 2310 3529 caede

159 3575 570 3656 grassarunt.
608 3600 717 3649 —-÷·
753 3557 1132 3654 Cadebant
1164 3585 1203 3631 a
1242 3555 1522 3633 dextris
1561 3576 1638 3635 et
1670 3562 1977 3639 sinistris
2002 3615 2023 3651 ‚
2061 3557 2312 3659 hiber·

161 3663 411 3740 nulium
472 3662 826 3741 foliorum
887 3667 1113 3745 instar
1168 3712 1269 3728 --
1312 3663 1582 3743 Infelix
1636 3669 1872 3770 patria
1896 3721 1919 3761 ,
1988 3665 2311 3741 filiorum

163 3794 404 3850 cruore
444 3770 719 3848 infecta
741 3825 765 3865 ,
817 3770 1034 3872 longe
1072 3771 1314 3863 lateue
1352 3770 1694 3847 rubebat.
1763 3772 1978 3863 Tunc
2013 3773 2312 3849 misera-

164 3873 303 3952 bilis
360 3876 807 3973 multitudo,
877 3878 1102 3977 quam
1163 3875 1495 3957 nondum
1525 3922 1530 3931 -
1559 3875 1981 3961 denotabat
2037 3877 2318 3979 gladius

173 3980 616 4063 Tartarorum
644 4038 671 4074 ,
729 3983 824 4058 ad
861 3984 1255 4086 quamdam
1306 3981 1646 4086 paludem
1693 3988 1947 4067 venite
1987 3981 2318 4084 compul-

181 4110 267 4179 sa,
310 4130 416 4187 ,—-
469 4118 639 4196 pars
690 4094 1007 4169 maxima
1081 4092 1546 4196 Vagarorum
1603 4093 1706 4169 ihi
1768 4121 1959 4198 aqua
2015 4109 2090 4167 et
2152 4092 2309 4167 luto

168 4217 369 4292 piene
397 4223 654 4275 omnes
695 4194 1023 4302 absorpti
1055 4214 1229 4274 sunt
1274 4215 1352 4274 et
1386 4198 1774 4278 extincti.“
1821 4202 1921 4277 A.
1991 4197 2305 4275 Diacon.
