2875 4842
2097 383 2246 485 2¹,ss

176 735 393 795 ,Nancii
415 732 726 805 Αρουοὶίσί
767 735 832 787 in
872 734 1239 806 Hangariam
1281 736 1591 794 «basiani,
1622 750 1676 793 u
1721 737 2052 807 Comitio-su
2081 737 2351 798 onim·

368 826 434 878 in
475 824 702 879 Roscia
720 860 738 891 ,
797 825 863 875 in
908 841 1139 895 regnum¹
1182 829 1549 899 Βακχᾶν-ίῳ,
1588 825 2011 908 ‘obseruantia
2055 826 2353 897 indicium.

370 920 435 974 A.
472 918 634 974 1386.

364 1032 783 1119 lnnomine
826 1028 1129 1107 Domini
1151 1028 1413 1107 Amen.
1454 1036 1675 1107 Anno
1717 1027 2133 1109 Natiuitatis
2169 1033 2353 1109 eius·

193 1137 344 1212 dem
378 1136 768 1212 Millesimo
811 1136 1328 1211 tercentesimo
1368 1139 1876 1239 octuagesimo
1914 1155 2150 1213 sexto.
2189 1140 2348 1219 ¹Ina

190 1243 492 1318 dictione
544 1245 677 1317 IX.
732 1242 851 1317 die
898 1239 1031 1316 Vl.
1088 1242 1358 1321 mensis
1418 1242 1749 1321 octobris
1775 1299 1798 1335 ,
1876 1241 2346 1329 pontificatus

192 1349 629 1426 sanctissimi
665 1351 890 1426 Patris
936 1365 1012 1424 et
1054 1349 1358 1424 Domini
1376 1350 1685 1444 „Nostri3
1741 1351 2042 1428 Domini
2086 1348 2343 1453 Vrba-

189 1458 295 1551 ni,
348 1457 617 1532 Diuina
653 1451 1121 1559 prouidentia
1177 1454 1413 1558 Papae
1449 1456 1572 1531 VI.
1611 1482 1805 1532 anno
1841 1458 1970 1532 IX.
2007 1460 2092 1532 In
2134 1455 2366 1532 Ciui-'

192 1580 325 1638 tate
353 1560 847 1667 spalatensi,
826 1587 903 1634 m
919 1560 1539 1666 archiepiscopali
1565 1563 1837 1668 palatio
1860 1586 2154 1638 coram
2141 1564 2342 1639 ch.

188 1670 259 1745 in
290 1669 579 1746 Christo
615 1672 826 1745 Patre
874 1684 951 1743 et
982 1670 1358 1761 Domin0‚
1415 1670 1741 1747 Domino
1765 1670 2131 1773 Nicolao,
2174 1669 2347 1744 titu-

186 1774 235 1850 li
284 1773 358 1853 8.
412 1777 708 1877 cyriaci
750 1774 1221 1862 presbitero,
1278 1772 1711 1868 cardinale,
1765 1801 1855 1850 ae
1898 1779 1974 1855 in
2032 1778 2338 1878 Hnnga-

183 1885 362 1978 riae,
427 1883 817 1976 Poloniae,
900 1879 1342 1973 Dalmatiae,
1416 1883 1772 1971 liuciae,
1828 1882 2213 1975 croatiae,
2265 1900 2343 1959 ei

184 1989 539 2066 nonnullis
562 1990 727 2063 aliis
758 1986 1090 2092 partibus
1125 1988 1603 2111 Apostolieae
1659 1986 1858 2065 sedis
1895 1990 2214 2090 Legato,
2268 2008 2345 2068 et

178 2097 251 2171 in
285 2095 431 2171 mei
465 2096 752 2172 Notarii
786 2093 1068 2197 publici
1103 2095 1516 2198 praesentia
1566 2094 1736 2200 (seq
1738 2099 1943 2170 uitur
2003 2121 2342 2175 conuen-

174 2205 281 2279 tio
315 2204 513 2279 inter
554 2201 1047 2306 Hugolinum
1078 2124 1741 2306 Archiepiscopum
1787 2202 2338 2306 spalatensem,
2443 2252 2447 2257 -

176 2327 249 2384 et
282 2308 746 2414 Margaritam
802 2309 1262 2387 comitissam
1319 2309 1659 2403 Catinae,
1726 2309 2025 2384 relictae
2083 2335 2336 2411 quon-

173 2414 334 2490 dam
371 2417 724 2509 Ioannis,
780 2412 1088 2489 Comitis
1121 2413 1421 2489 Cetinae
1460 2413 1756 2492 viduam
1793 2417 2079 2491 ratione
2129 2415 2336 2489 deci—
2451 2442 2458 2451 ·

171 2548 451 2603 marum
471 2471 868 2617 confecta).
895 2520 1014 2594 Ad
1048 2520 1450 2622 plenariam
1472 2522 2068 2598 obseruationem
2100 2523 2336 2596 omni

173 2657 287 2704 um
331 2627 922 2752 praedicto-‘rum
933 2627 1432 2703 submiserunt
1485 2653 1568 2706 se
1613 2655 1699 2703 ac
1739 2629 1952 2705 dieta
1985 2627 2194 2702 bona
2225 2668 2334 2699 1—-

170 2762 372 2813 mero
411 2737 729 2813 examini
764 2734 1013 2810 curiae
1047 2732 1349 2809 Domini
1381 2740 1615 2813 nostri
1649 2735 1891 2839 Papae
1932 2735 2331 2813 camerarii

168 2859 364 2919 —et
390 2842 746 2916 Curiae
784 2880 887 2895 -·
925 2882 1030 2897 -—
1069 2840 1352 2943 regni
1396 2840 2001 2949 Hungariae‚
2040 2840 2134 2916 ad
2171 2838 2327 2942 qod

166 2946 277 3023 vel
321 2945 414 3022 ad
452 2974 634 3053 quas
678 2973 847 3052 pars
884 2946 1289 3022 obseruare
1325 2948 1584 3029 volens
1625 2975 2014 3025 recurrere
2058 2946 2332 3024 volue-
2463 2986 2464 2989 ¹
2547 2968 2550 2971 ’

163 3054 295 3149 rit,
333 3082 476 3161 pro
513 3054 982 3130 obseruantia
1018 3051 1347 3157 plenaria
1380 3057 1716 3132 omnium
1755 3051 2176 3159 praedictet
2178 3080 2329 3128 um.

161 3181 297 3238 etc.
355 3164 628 3237 Datum
657 3178 729 3236 et
760 3179 1028 3237 actum.
1085 3158 1570 3236 Indictione
1516 3206 1570 3250 ,
1601 3161 1768 3254 die,
1804 3184 2101 3252 mense,
2143 3161 2331 3233 Pon-

162 3268 479 3362 filicum,
530 3285 613 3343 et
623 3268 806 3343 looo
836 3265 1276 3371 praedictis,
1308 3267 1819 3368 praesentibtts
1862 3285 1935 3342 et
1967 3265 2330 3343 audienti·-

162 3372 297 3451 bus
330 3376 524 3449 Reu.
580 3376 767 3449 Patr.
828 3374 1165 3449 Dominis
1203 3374 1540 3450 Dominis
1578 3375 1914 3451 Antonio
1950 3369 2332 3475 Archiepi÷

163 3507 389 3584 scopo
446 3479 961 3563 Antibarensi‚
1037 3478 1346 3554 Simone
1393 3480 1454 3555 F
1458 3480 1892 3575 orlluiensi
1969 3479 2334 3560 Damiano

163 3584 520 3681 Niciensi,
574 3589 884 3667 Simone
900 3585 1419 3688 Melphitensi,
1471 3587 1861 3665 Anastasio
1902 3584 2329 3662 Dinastren·

171 3694 258 3789 si,
308 3712 386 3771 et
421 3696 463 3768 J
468 3722 708 3771 oanne
730 3693 1142 3771 Mat-arensi
1179 3694 1569 3797 Episcopis
1600 3735 1706 3749 —-
1738 3732 1848 3750 —
1880 3692 1977 3768 Et
2020 3718 2161 3795 ego
2191 3692 2339 3769 An·

169 3804 402 3878 tonius
442 3804 737 3877 Gattula
780 3798 1194 3877 canonieus
1244 3799 1684 3895 caietanus,
1737 3798 1980 3876 dictus
2014 3797 2160 3873 Sat
2140 3823 2330 3873 ace-

172 3932 332 4002 nus,
376 3907 678 4013 publica
711 3907 1142 3983 auctoritate
1185 3904 1616 4008 Apostolica
1655 3925 1731 3984 et
1770 3902 2144 4011 Imperiali
2189 3900 2338 3977 No-

172 4016 401 4091 tarius
414 4033 488 4090 et
522 4017 939 4090 Literarum
972 4012 1576 4114 Apostoliearum
1627 4017 1946 4123 scriptor
1971 4068 1994 4107 ,
2067 4037 2153 4084 ac
2212 4009 2338 4083 di·-

110 4120 261 4211 ,cti
299 4124 493 4199 neu.
561 4122 839 4213 Patris,
894 4119 1194 4217 Domini
1262 4120 1513 4222 Legati
1558 4110 1837 4216 scriba,
1914 4115 2335 4224 praemissis
