2875 4842
2115 446 2265 521 461

185 650 364 723 sitas
411 665 486 724 et
523 642 963 741 existentes,
1016 674 1104 725 ac
1137 647 1411 752 posita,
1469 664 1545 725 et
1588 650 1969 729 existentia
2008 655 2088 731 in
2122 654 2377 732 Luchs

181 754 628 856 Incipiendo
667 756 761 833 ab
789 753 1130 841 Ecclesia
1167 754 1461 832 sanctae
1500 756 1740 845 Marie
1783 757 1885 843 de,
1935 761 2191 836 Rebaz
2246 787 2377 836 us-

182 886 339 962 que
370 860 462 935 ad
505 878 734 938 metas
775 859 996 937 villae
1038 862 1287 955 Ciste,
1359 876 1435 938 et
1489 889 1724 964 usque
1774 863 1869 939 ad
1927 865 2371 970 guduchiam

181 967 572 1044 Inclnsive.
626 973 815 1043 Item
852 965 1101 1043 eidem
1145 964 1678 1044 communitati
1735 969 2177 1053 Sibinicensi
2230 972 2374 1051 da·-

181 1098 351 1148 mus
384 1091 612 1177 atque
662 1074 1019 1150 donamus
1062 1077 1246 1150 Jure
1303 1074 1795 1157 haereditario
1841 1097 1917 1155 et
1965 1083 2039 1155 in
2090 1088 2372 1186 perpe-
2470 1114 2479 1123 ·

181 1197 397 1254 tuum
460 1179 835 1257 sexdecim
912 1199 1150 1259 sortes
1208 1188 1579 1265 terrarum
1640 1182 2022 1260 collationi
2066 1191 2367 1289 „Regiae

179 1290 680 1390 spectantium
717 1291 1029 1392 positas,
1063 1307 1142 1365 et
1180 1289 1580 1366 existentes
1619 1289 1726 1364 ibi
1769 1294 1843 1365 in
1876 1291 2131 1368 Lucha
2175 1295 2367 1371 infra

179 1394 594 1496 praedictas
631 1398 1127 1498 possessiones
1171 1396 1244 1469 in
1285 1395 1757 1498 praecedenti
1797 1400 2135 1501 Capitulo
2175 1400 2367 1477 desi·-

181 1518 433 1602 gnatas
455 1525 593 1604 per
620 1527 910 1601 nosque
943 1502 1302 1578 districtui
1321 1501 1761 1578 eorumdem
1790 1503 2364 1585 Sibinicensium

171 1605 578 1683 adiunctas.
608 1611 796 1683 Item
821 1610 1139 1708 gratiose
1178 1636 1476 1703 omnes,
1533 1628 1603 1683 et
1636 1612 1959 1714 singulos
2006 1612 2364 1710 homines,

180 1730 262 1787 et
304 1740 652 1815 personas
690 1714 1018 1788 Ciuitatis
1060 1713 1570 1809 Sibinicensis,
1642 1734 1719 1791 et
1765 1721 1875 1792 sui
1939 1715 2363 1816 districtus,

179 1846 270 1894 ac
307 1823 550 1923 ipsum
592 1846 988 1897 commune
1011 1821 1459 1900 absoluimus
1492 1839 1570 1897 et
1604 1822 1925 1901 totaliter
1964 1825 2395 1905 liberamus

179 1926 278 2000 ab
318 1928 668 2003 omnibus
712 1947 789 2003 et
823 1927 1124 2031 singulis
1159 1931 1423 2032 poenis
1452 1986 1476 2023 ,
1529 1929 1593 2004 si
1638 1957 1823 2033 quas
1871 1932 2361 2013 incurrissent

177 2031 532 2110 hactenus
589 2061 825 2214 uslgue
895 2035 972 2108 in
1043 2054 1511 2139 praesentem
1569 2034 1768 2112 diem
1826 2040 2358 2141 quovismodo,

175 2144 570 2215 occasione
606 2170 646 2214 a
680 2144 912 2217 icuius
949 2142 1288 2244 maleficy
1321 2146 1765 2219 Iniuriarum
1792 2199 1813 2239 ‚
1866 2145 2357 2235 offensionum

174 2241 606 2324 excessuum
638 2304 660 2339 ,
740 2266 814 2323 et
869 2247 1313 2325 delictorum
1375 2278 1512 2352 perr
1550 2251 1806 2355 ipsos,
1863 2269 1989 2327 aut
2029 2251 2354 2354 aliquem

175 2355 510 2457 ipsorum
553 2354 966 2444 dictorum,
1021 2355 1384 2431 factorum
1417 2358 2019 2448 commissorum,
2080 2377 2157 2434 et
2194 2385 2354 2458 per·

171 2481 638 2564 peti-aterum
661 2517 681 2553 ,
735 2488 865 2537 seu
899 2462 1313 2546 illatorum,
1373 2478 1521 2537 tam
1558 2481 1818 2539 contra
1854 2465 2165 2566 Regiam
2202 2456 2353 2539 Ma-

174 2569 508 2645 iestatem
540 2624 562 2659 ,
613 2588 738 2645 aut
767 2571 928 2643 eius
962 2569 1338 2660 subditos,
1401 2569 1784 2664 officiales,
1863 2595 1993 2644 seu
2018 2622 2025 2627 -
2055 2571 2350 2666 fideles,

173 2681 397 2779 quam
439 2692 695 2751 eontra
746 2696 1231 2779 quoscunque
1299 2675 1481 2752 alios
1538 2674 2222 2782 quomodocunque
2274 2696 2352 2754 et

171 2785 791 2885 qualitercunque
832 2782 1184 2858 hactenus
1218 2810 1450 2888 usque
1501 2784 1579 2856 in
1611 2778 1836 2858 *diem
1889 2804 2350 2886 praesentem

168 2890 423 2981 factis,
480 2910 554 2965 et
614 2914 756 2990 pro
811 2890 1163 2966 absolutis
1210 2911 1284 2966 et
1333 2890 1689 2966 libertatis
1741 2893 2346 2994 pronuntiamus,

169 3014 246 3072 et
275 2996 549 3073 habere
589 2997 963 3088 volumus',
1020 2997 1338 3097 ethuod
1380 2997 1621 3071 nullus
1672 2999 1905 3097 possit
1962 2999 2165 3099 ipsos,
2222 3019 2349 3077 aut

164 3102 492 3205 aliquem
533 3105 864 3204 ipsorum
897 3121 1193 3207 petere,
1249 3125 1325 3180 et
1365 3106 1784 3207 inquietare
1809 3158 1829 3192 ‚
1906 3102 2296 3180 molestare
2322 3161 2344 3199 ‚

167 3212 518 3301 turbare,
579 3228 703 3285 aut
742 3235 1142 3313 aggrauare
1177 3210 1532 3313 deinceps
1584 3209 2093 3286 occasionibus
2131 3238 2341 3313 prae-

165 3316 427 3410 dictis,
505 3337 632 3394 aut
690 3316 936 3419 aliqua
992 3319 1379 3393 occasione
1442 3318 2014 3420 praedictorum.
2099 3319 2189 3392 Et
2242 3316 2346 3411 ,ad

162 3420 314 3501 hoc
347 3445 444 3500 ut,
469 3424 842 3528 praedicta
884 3427 1130 3499 omnia
1165 3440 1243 3499 et
1276 3425 1554 3527 singula
1590 3425 1662 3497 in
1700 3426 2069 3527 praesenti
2107 3425 2345 3526 priui-

163 3531 362 3635 legio
402 3549 797 3621 contenta,
853 3549 928 3605 et
960 3533 1274 3633 gratiose
1315 3559 1454 3634 per
1490 3556 1628 3606 nos
1669 3555 2057 3624 concessa,
2109 3546 2188 3604 et
2225 3531 2344 3605 fir·

160 3658 355 3714 mata
409 3654 625 3714 suum
666 3635 997 3731 debitum
1030 3640 1432 3743 sortiantur
1463 3637 1828 3721 effectum.
1882 3638 1975 3711 Et
2028 3635 2116 3710 ad
2175 3664 2343 3711 ma-

160 3746 401 3821 iorem
433 3744 1142 3822 corroborationem·
1175 3746 1674 3849 promittimus
1711 3743 1915 3844 quod
1952 3742 2344 3835 Serenissi-

163 3877 335 3927 mus
374 3855 726 3957 princeps
761 3850 1102 3928 dominus
1134 3866 1384 3928 noster
1421 3851 1767 3927 naturalis
1800 3851 2140 3925 dominus
2172 3854 2339 3925 Rex

160 3956 541 4035 L'adislaus
632 3958 1116 4035 confirmabit.
1192 3958 1683 4062 approbabit,
1768 3975 1844 4033 et
1891 3957 2341 4060 emologabit

163 4061 423 4166 (lectio
461 4066 674 4164 dub.)
713 4069 1001 4156 omnia,
1072 4083 1147 4141 et
1189 4064 1471 4170 singula
1526 4066 2060 4168 suprascripta,
2136 4079 2213 4136 et
2260 4066 2337 4135 in

141 4174 532 4277 ,praesenti
569 4190 823 4250 nostro
869 4173 1272 4277 priuilegio
1309 4189 1655 4254 contenta
1681 4224 1704 4264 ‚
1745 4191 1823 4251 et
1852 4171 2169 4275 gratiose
2196 4194 2336 4285 per

2573 4146 2611 4187 ό
