2875 4842
688 423 841 498 654

568 661 733 729 rum
773 656 862 711 ac
914 645 1378 710 caeterorum
1413 630 1933 710 universorum
1977 646 2054 710 et
2100 632 2577 739 singulorum
2618 635 2749 712 Ci-

568 750 771 816 vium
828 734 1215 842 Hospitutn
1277 755 1353 810 et
1400 736 1813 814 Incolarum
1866 740 2197 827 eiusdem
2245 746 2585 821 Civitatis
2634 770 2749 819 no-

567 867 759 927 strae
818 847 1199 921 posonien.
1264 845 1689 921 nominibus
1738 864 1815 921 et
1862 849 1935 921 in
2001 853 2341 951 personis
2397 849 2751 927 exbibue-

569 973 748 1032 runt
779 971 856 1029 et
893 963 1453 1055 praesentarunt
1488 951 1702 1026 nobis
1738 952 2091 1053 quasdam
2132 953 2453 1033 Litteras
2483 976 2749 1062 paten-
2870 982 2871 987 ’

568 1080 676 1139 tes
728 1058 1042 1135 condam
1097 1058 1399 1133 Domini
1442 1056 1800 1132 Ludovici
1841 1062 2065 1164 Regis
2114 1063 2540 1165 Hungariae
2584 1067 2753 1186 piae
2870 1148 2871 1153 ,

565 1167 1094 1244 recordationis
1116 1216 1142 1253 ‚
1198 1166 1433 1239 soceri
1475 1181 1551 1249 et
1599 1162 2188 1245 praedecessoris
2219 1173 2460 1246 nostri
2509 1193 2755 1246 carls-
2868 1200 2871 1231 ÷

564 1276 775 1367 simi,
833 1291 1211 1377 postremo
1267 1287 1343 1345 et
1385 1269 1644 1347 ultimo
1689 1298 1824 1348 suo
1881 1277 2141 1350 maiori
2180 1276 2440 1380 Sigillo
2492 1305 2537 1351 a
2588 1295 2755 1352 ter-

563 1406 661 1483 go
714 1381 1205 1480 consignataS,
1261 1377 1799 1479 exprimentes,
1852 1381 2088 1483 ipsum
2127 1385 2437 1457 condam
2484 1384 2749 1459 Domi·

564 1514 744 1563 num
780 1486 1241 1562 Ludovicum
1284 1484 1571 1582 Regem
1626 1485 1905 1561 eisdem
1940 1485 2237 1563 Civibus
2282 1506 2362 1564 et
2408 1490 2747 1592 Hospiti-

566 1592 706 1668 bus
762 1609 1213 1667 memoratae
1277 1591 1603 1665 Civitatis
1678 1610 1975 1667 nostrae
2040 1596 2505 1670 posoniensis
2553 1595 2745 1671 hanc

564 1701 837 1801 gratiae
873 1698 1458 1803 praerogativam
1498 1696 1799 1788 fecisse,
1858 1716 1940 1773 ut
1982 1697 2199 1775 iidem
2235 1699 2330 1776 de
2371 1703 2598 1775 nullis
2634 1727 2743 1777 re·

564 1806 707 1879 bus
760 1822 835 1879 et
894 1804 1107 1903 bonis
1175 1806 1505 1903 ipsorum
1565 1803 1951 1879 venalibus
2021 1808 2743 1902 mercimonialibus‚

560 1910 1029 2004 victualibus,
1072 1927 1147 1984 et
1179 1911 1486 1983 caeteris
1525 1909 2031 2014 cuiuscunque
2065 1916 2355 2016 generis
2392 1917 2745 2010 existant,

569 2014 1071 2123 undecunque
1108 2043 1241 2121 per
1280 2016 1475 2117 ipsos
1511 2016 1587 2089 in
1630 2015 1945 2091 eandem
1983 2036 2303 2095 nostram
2344 2020 2745 2099 Civitatem

561 2122 996 2215 afferendis,
1052 2140 1127 2199 et
1176 2124 1250 2198 in
1292 2122 1522 2224 ipsam
1568 2120 2069 2226 deponendis,
2122 2127 2442 2231 aliquam
2483 2127 2743 2206 Trice-

560 2232 816 2308 simam
848 2257 975 2307 seu
1023 2231 1312 2304 Dacium
1351 2231 1641 2306 ratione
1678 2231 1909 2332 ipsius
1925 2228 2369 2309 Tricesimae
2405 2235 2549 2311 sub
2580 2262 2743 2313 cer·

560 2339 656 2413 tis
690 2335 1255 2413 Conditionibus
1300 2336 1376 2408 in
1432 2334 1706 2411 eisdem
1761 2334 2058 2414 Litteris
2092 2342 2741 2444 expressatis-sol·

557 2469 738 2520 vere
800 2461 1267 2535 tenerentur,
1347 2444 1622 2517 tenoris
1681 2440 2169 2548 infrascripti;
2240 2446 2741 2551 supplicantes

555 2569 813 2628 nostro
878 2550 1191 2627 Culmini
1252 2551 1581 2624 annotati
1642 2545 2062 2650 Stephanus
2129 2552 2486 2654 Magister
2540 2556 2742 2633 Civi-

556 2684 724 2752 um,
781 2675 858 2733 et
913 2655 1262 2732 Nicolaus
1313 2656 1512 2730 Civis
1556 2659 1632 2730 in
1693 2682 1998 2750 eorum,
2053 2685 2141 2734 ac
2185 2661 2503 2737 aliorum
2542 2690 2737 2766 quo·

555 2789 722 2839 rum
772 2788 1010 2869 supra.
1053 2761 1481 2837 nominibus
1521 2788 1749 2867 prece
1804 2762 2255 2863 subiectiva,
2312 2787 2397 2844 ut
2440 2772 2737 2846 easdem

552 2867 834 2963 litteras
878 2864 1205 2972 patentes
1250 2870 1615 2964 annotati,
1671 2869 1986 2946 condam
2034 2874 2330 2950 Domini
2366 2872 2735 2955 Ludovici

553 2977 783 3080 Regis
827 2993 1057 3067 ratas,
1111 2984 1392 3079 gratas,
1448 2993 1524 3050 et
1554 2992 1893 3080 acceptas
1942 2975 2331 3073 babendo,
2386 2988 2732 3088 nostrisq.

551 3081 815 3161 litteris
849 3081 1422 3186 privilegialibus
1465 3084 1603 3157 sub
1655 3085 2024 3187 praesenti
2056 3114 2254 3164 novo
2289 3110 2552 3166 nosti-o
2604 3092 2736 3167 du-

556 3189 734 3293 plici
791 3188 1211 3264 authentico
1262 3185 1560 3292 sigillo,
1630 3215 1786 3292 quo
1851 3189 1943 3264 ad
1984 3219 2334 3297 praesens
2405 3199 2516 3272 uti
2566 3202 2735 3274 Rex

548 3295 795 3398 Hung.
833 3297 1108 3370 utimur
1139 3293 1561 3372 emanandis
1606 3293 2053 3372 verbotenus
2090 3301 2315 3377 inseri
2357 3300 2730 3398 faciendo,

551 3430 695 3505 pro
730 3402 1123 3506 praedictis
1167 3401 1470 3479 Civibus
1501 3401 1937 3506 Hospitibus
1967 3423 2041 3478 et
2081 3404 2352 3485 Incolis
2382 3414 2723 3513 praescri-

553 3527 719 3611 ptae
761 3509 1091 3584 Civitatis
1112 3524 1401 3581 nostrae
1454 3510 1910 3586 posoniensis
1936 3513 2408 3606 innovando,
2473 3542 2721 3623 perpe·

551 3629 682 3689 tuo
726 3615 1065 3690 valituras
1115 3616 1557 3691 confirmare
1592 3614 2083 3718 dignaremur.
2159 3619 2499 3708 Quarum
2560 3626 2727 3731 qui-

407 3726 412 3733 ’
531 3718 722 3813 ‚dem
779 3722 1213 3796 Litterarum
1278 3720 1628 3822 praedicti
1692 3724 1911 3823 Regis
1957 3723 2313 3802 Ludovici
2352 3748 2577 3810 tenor
2624 3757 2727 3808 se·

455 3842 462 3851 ‘
550 3829 806 3927 quitur
847 3828 921 3900 in
992 3824 1171 3904 baec
1226 3826 1528 3902 Verbat.
1585 3825 2009 3905 Ludovicus
2068 3830 2191 3906 dei
2257 3838 2495 3937 gratia
2562 3840 2727 3913 Rex

547 3935 1006 4038 Hungariae,
1067 3935 1318 4010 polon.
1385 3933 1617 4009 Dalm.
1672 3926 1814 4009 etc.
1863 3935 2204 4027 fidelibus
2246 3946 2395 4018 suis
2429 3947 2723 4018 univer·

549 4041 648 4119 sis
698 4041 1392 4121 Tricesimatoribus
1435 4042 1586 4115 suis
1633 4040 1728 4115 de
1804 4041 2127 4122 posonio
2176 4065 2251 4122 et
2300 4051 2451 4127 suis
2504 4049 2719 4155 perti·

445 4156 454 4163 '
550 4150 838 4229 tentiis.
871 4240 908 4255 ...
933 4147 1202 4239 Datum
1246 4145 1499 4225 Budas
1534 4144 1722 4261 feria
1758 4153 1829 4225 3.
1880 4176 2092 4254 prox.
2138 4150 2307 4234 fest.
2345 4157 2702 4265 Epiphan.
