2875 4842
700 510 800 580 50

593 712 931 818 peditum
956 712 1051 789 a'd
1074 704 1308 829 3000.
1330 714 1583 812 'vsque
1620 709 1817 807 Erd3
1859 708 1981 787 vbi
2015 741 2247 818 quum
2285 711 2574 819 aliquot
2607 709 2781 790 die-

598 823 735 898 bus
770 819 1027 898 fuisset
1055 833 1577 910 commoratus,
1608 842 1858 923 neque
1892 825 2285 925 quisquam
2306 821 2398 897 ad
2434 845 2607 897 eum
2645 847 2773 897 ve·

591 931 856 1021 nisset,
911 951 1085 1004 cum
1130 923 1387 1001 iisdem
1420 923 1733 1026 copiolis
1761 921 1857 998 ad
1893 952 2160 1030 pagum
2192 928 2413 1003 Erchi
2452 952 2765 1033 proces-

588 1037 707 1113 sit.'
755 1034 873 1112 Ibi
927 1033 1146 1109 etiam
1196 1029 1447 1107 multis
1501 1029 1764 1107 diebus
1791 1033 2175 1111 inutiliter
2223 1038 2624 1112 consumtis
2678 1032 2773 1111 ad

590 1141 1056 1217 Penteiinum
1094 1138 1257 1227 init„
1322 1138 1628 1212 Interim
1666 1134 1862 1216 Petri
1898 1134 2346 1216 Varadinum
2408 1144 2486 1216 in
2531 1140 2776 1219 hosti-

585 1274 713 1322 um
747 1259 1192 1351 potestatem
1239 1246 1466 1319 venit.
1499 1240 1817 1319 Tolnam
1853 1249 2055 1324 venit
2093 1263 2314 1324 aucto
2354 1248 2776 1347 aliquantu-

585 1354 660 1428 lo
699 1354 842 1428 iam
879 1354 1250 1443 exercitu3
1283 1345 1833 1427 confluentibus
1881 1348 2118 1431 isthuc
2171 1357 2404 1449 4,000
2443 1352 2774 1443 millibus

588 1457 1138 1564 pontificiorum
1180 1454 1494 1532 militum
1533 1472 1678 1532 etc.
1717 1456 2167 1536 Brodericus
2208 1460 2408 1564 apud
2448 1460 2772 1537 Bonfini-

586 1569 789 1641 nium
827 1593 902 1667 p.
964 1569 1137 1641 762.
1204 1566 1290 1638 In
1344 1562 1625 1666 campis
1684 1564 2012 1642 infaustis
2072 1565 2414 1662 Mohacs‚
2482 1566 2775 1672 Zapola

583 1700 755 1748 cum
818 1668 1351 1763 Transiluanis,
1437 1669 2044 1774 chrystophorus
2097 1675 2533 1779 Frangepan
2598 1700 2772 1750 cum

584 1780 879 1857 Oroatis
928 1773 1346 1854 desiderati.
1421 1775 1611 1853 Ibid.
1690 1776 1786 1875 e.)
1844 1778 2036 1855 Dum
2104 1779 2466 1858 Banderia
2515 1784 2719 1885 regia
2745 1841 2769 1873 ,

582 1888 955 1961 Baronum
984 1938 1005 1979 ,
1062 1910 1150 1958 ac
1195 1882 1698 1961 Praelatorum
1732 1883 1824 1959 ad
1874 1885 2387 1990 repellendum
2431 1887 2771 1965 -hostium

581 1996 954 2069 incursum
983 1991 1416 2066 sufficientia
1449 1989 1625 2095 ipsis
1647 1989 2116 2089 videbantur,
2146 1994 2772 2073 insurrectionem

579 2116 1003 2177 recusantes
1039 2152 1062 2192 ,
1136 2122 1222 2171 ac
1274 2098 1429 2172 sine
1498 2121 1676 2199 rege
1735 2096 2086 2175 dimicare
2154 2103 2770 2205 tergiuersantem

578 2204 864 2283 Confer
916 2203 1215 2283 Decreti
1259 2199 1460 2276 Anni
1508 2207 1740 2278 1430.
1780 2221 1916 2279 art.
1964 2213 2032 2280 1.
2074 2214 2146 2284 2.
2182 2212 2255 2283 3.
2300 2210 2600 2303 „Quum
2639 2236 2772 2284 au·

550 2306 730 2387 'tem
778 2311 1181 2387 Palatinum
1239 2307 1330 2382 ad
1387 2305 1853 2385 Mobacsium
1918 2339 2391 2417 progressum
2447 2317 2725 2391 caeteri
2751 2371 2776 2410 ‚
2863 2338 2866 2361 *

577 2423 710 2522 qui
745 2415 1231 2509 mittebantur
1259 2416 1529 2517 ,sequi
1561 2436 2028 2515 recusarent,
2073 2421 2458 2526 priuilegia
2493 2449 2623 2497 sua
2657 2423 2762 2496 al·

578 2528 952 2628 legantes3
1010 2550 1185 2618 rex,
1244 2522 1513 2616 video,
1565 2525 1844 2627 inquit,
1898 2550 2041 2629 ego
2101 2555 2325 2605 vuum
2384 2556 2770 2632 quemque

578 2634 822 2736 capite
856 2658 1029 2708 meo
1067 2674 1176 2690 —
1204 2632 1759 2707 excusationem
1796 2649 1872 2710 et
1903 2633 2211 2709 salutem
2249 2658 2767 2738 quaerere.—

576 2740 695 2814 Ne
744 2739 913 2837 quis
954 2762 1143 2836 ergo
1179 2737 1309 2826 sit,
1386 2736 1519 2836 qui
1566 2737 1795 2839 possit
1847 2744 2396 2817 excusationem
2440 2743 2768 2846 aliquam

576 2844 753 2920 su'ae
808 2844 1145 2947 ignauiae
1212 2840 1458 2940 capite
1518 2866 1689 2918 meo
1737 2845 2266 2946 praetendet-423
2345 2845 2522 2945 ibo,
2602 2852 2770 2929 Deo

441 2956 449 2963 ’
576 2953 865 3056 optimo
904 2945 1100 3025 bene
1141 2947 1486 3040 iuuante,
1540 2974 1703 3024 cras
1743 2949 2131 3027 vobiscum
2163 2956 2239 3030 in
2282 2979 2597 3058 persona
2642 2984 2770 3052 eo,

578 3085 734 3162 quo
773 3055 877 3131 illi
921 3056 1081 3131 sine
1112 3080 1232 3129 me
1275 3055 1384 3129 ire
1431 3052 1778 3132 nolunt.“
1830 3058 2213 3136 Broderic.
2272 3061 2319 3143 l.
2376 3086 2438 3138 c.
2473 3063 2554 3151 f.)
2594 3064 2774 3142 Ser..

579 3164 865 3241 aientes
898 3163 1086 3263 regii
1134 3184 1220 3236 ac
1258 3158 1748 3263 Jobagiones,
1807 3190 2171 3270 pauperes
2215 3168 2316 3243 ob
2355 3171 2770 3272 neglectam

579 3268 1136 3373 agriculturam,
1176 3282 1419 3360 artes,
1467 3268 1938 3364 commercia,
1990 3273 2160 3351 facti
2186 3330 2206 3367 ,
2244 3302 2395 3352 non
2442 3280 2583 3353 iam
2623 3279 2772 3358 sub

579 3404 841 3480 regum
905 3391 1031 3450 aut
1081 3371 1579 3449 comitatuum
1637 3401 1980 3471 suorum,
2070 3380 2198 3455 sed
2264 3379 2770 3461 Dominorum

577 3484 867 3559 vexillis
906 3483 1361 3581 militarunt,
1416 3478 1789 3574 inermes,
1847 3482 2040 3560 haud
2081 3490 2462 3584 instructi,
2515 3509 2592 3565 et
2639 3492 2773 3569 vix

580 3589 766 3663 vltra
815 3595 937 3663 15.
993 3589 1193 3664 dies:
1272 3584 1526 3678 „Quia
1578 3590 2086 3692 praecedentia
2149 3613 2351 3696 gesta
2406 3599 2781 3697 generalis

578 3697 950 3771 exercitus
1023 3689 1491 3769 manifestam
1566 3692 2111 3799 praebuerunt)
2157 3698 2695 3804 experientiam
2743 3761 2771 3798 ,

536 3800 786 3904 ‘quod
833 3800 1131 3904 plurimi
1179 3798 1427 3903 potius
1468 3796 1746 3878 baculis
1794 3830 2012 3906 quam
2055 3808 2274 3884 armis
2314 3806 2595 3904 fulciti,
2637 3812 2779 3888 mi-

570 3908 772 3985 litiae
827 3923 1313 3983 vacauerunt:
1408 3905 1970 4012 Disponendum
2021 3940 2109 3989 ac
2169 3913 2772 4017 prouidendum,

575 4015 781 4117 quod
816 4014 889 4089 hi
913 4068 936 4107 ‚
993 4013 1125 4116 qui
1167 4018 1360 4084 irent
1399 4010 1487 4083 ad
1530 4014 2037 4092 defensionem
2069 4026 2464 4123 regnissnon
2516 4042 2768 4103 essent

570 4125 938 4211 inermes,
1007 4118 1136 4194 sed
1204 4115 1560 4196 haberent
1620 4123 1870 4196 saitem
1923 4148 2138 4201 arcus
2192 4146 2268 4203 et
2316 4156 2517 4205 arma
2575 4129 2766 4223 alia,

571 4227 846 4332 quibus
890 4254 1033 4331 pro
1070 4223 1505 4300 defensione
1544 4230 1748 4331 regni
1786 4227 1878 4304 ad
1919 4230 2397 4313 offensionem
2436 4235 2760 4315 hostium
