2875 4842
2046 464 2196 535 623

101 701 261 779 per
317 687 771 776 praesentes:
830 671 1053 760 Quod
1104 697 1279 766 nos,
1332 674 1455 748 cui
1506 674 1811 750 interest
1862 691 2300 752 cunctorum

103 780 341 855 uobis
394 780 968 881 obsequentium
1028 777 1331 855 illorum
1386 783 1887 883 potissimum,
1942 784 2072 885 qui
2123 784 2300 860 artis

99 886 426 965 alicuius
471 903 547 963 et
599 884 978 986 ingenialis
1025 888 1369 963 scientiae
1424 886 1844 990 magisterio
1901 887 2098 992 apud
2151 915 2300 965 no-

99 1009 343 1070 stram
380 1016 471 1067 ex
514 990 1230 1097 factiltestificatione
1255 1010 1700 1096 apparenter
1727 992 2300 1098 vigueruntMa-

99 1101 451 1185 iestatem
491 1099 769 1174 libratis
807 1098 1330 1176 conditionum
1390 1117 1467 1174 et
1501 1104 1935 1179 meritorum
1975 1096 2295 1202 qualita-

100 1204 317 1284 tibus
372 1206 590 1308 digna
640 1206 1054 1307 rependere
1097 1207 1377 1310 premia
1418 1210 1904 1297 meritorum,
1962 1208 2296 1285 conside·

99 1313 293 1387 ratis
357 1310 829 1387 fidelitatibus
874 1329 951 1388 et
1005 1311 1331 1390 fidelium
1376 1314 1847 1390 servitiorum
1886 1316 2165 1392 meritis
2196 1314 2295 1391 fi·-

100 1416 299 1494 delis
357 1418 588 1493 nostri
662 1420 1181 1524 circumspecti
1234 1417 1501 1494 Jacobi
1576 1420 1886 1496 Bobemi
1966 1419 2293 1524 Magistri

99 1524 766 1629 carpentariorum
800 1544 1222 1603 nostrorum
1266 1552 1402 1630 per
1440 1552 1608 1602 eum
1645 1525 1972 1604 claritati
2003 1545 2294 1604 nostrae

101 1632 389 1708 nedum
445 1632 524 1708 'in
590 1631 1002 1708 directione
1080 1632 1422 1709 laborum
1479 1631 1809 1711 aularum
1871 1651 2292 1712 nostrarum

104 1739 585 1815 mechanicae
629 1740 806 1817 artis
849 1736 1274 1841 Magisterio
1333 1767 1427 1816 ex
1465 1739 1768 1815 diversis
1817 1743 2288 1843 lignaminum

106 1846 672 1950 compaginibus
735 1850 917 1921 mire
967 1845 1591 1948 compositorum,
1653 1846 1910 1923 veru'm
1953 1849 2172 1924 etiam
2211 1851 2285 1923 in

106 1952 594 2030 nonullorum
638 1951 1161 2031 fortalitiorum
1203 1971 1632 2029 nostrorum
1668 1972 1739 2027 et
1782 1952 2288 2030 Machinarum

107 2089 161 2140 e
215 2062 464 2136 multis
517 2058 892 2164 lignorum
950 2059 1433 2161 congeriebus
1490 2056 1873 2135 artificiosa
1911 2060 2333 2140 erectione.

105 2187 193 2245 et
247 2164 775 2242 sudorosorum
836 2167 1242 2263 eorundem
1295 2165 1972 2270 operum-placibili
2007 2186 2280 2245 consu*

106 2277 436 2350 matione
474 2272 814 2348 exhibitis
852 2291 930 2347 et
959 2272 1351 2378 impensis;
1391 2271 1754 2374 quandam
1800 2274 2120 2350 Domum
2157 2300 2287 2349 no-

104 2399 337 2465 stram
405 2381 483 2454 in
541 2378 901 2457 suburbio
956 2380 1282 2457 Civitatis
1343 2394 1635 2453 nostrae
1695 2378 2177 2455 Posoniensis'
2210 2384 2282 2456 in

109 2488 307 2563 Vico
365 2484 744 2588 Wedrycz
792 2502 1059 2564 vocato
1110 2483 1476 2576 habitam,
1528 2484 1703 2558 alias
1764 2511 1900 2587 per
1962 2502 2287 2562 nostram

107 2594 573 2670 Maiestatem
628 2621 669 2667 a
723 2593 1035 2669 Nicolao
1075 2592 1476 2682 Litterato,
1534 2589 1722 2666 Cive
1753 2592 1979 2695 ipsius
2016 2594 2283 2669 Civita-

109 2702 205 2779 tis
245 2717 533 2775 nostrae
585 2701 1049 2776 Poson'iensis
1106 2698 1363 2804 pretio·
1396 2715 1715 2800 emptam
1757 2715 1837 2774 et
1883 2722 2282 2802 compara-

108 2826 302 2901 tam,
373 2832 541 2883 cum
590 2800 934 2883 omnibus
987 2808 1138 2882 suis
1187 2802 1534 2895 aedificiis
1584 2829 1669 2909 «Ψ
1724 2802 2157 2883 utilitatibus
2208 2827 2293 2884 et.

107 2913 503 2990 utilitatum
571 2912 1111 3015 integritatibus
1183 2911 1519 3016 praefato
1584 2911 1935 3014 Magistro
1992 2913 2280 2994 Jacobo

102 3020 444 3099 Bohemo
491 3020 876 3124 .Magistro
953 3019 1605 3122 carpentariorum
1670 3036 2134 3115 nostrorum,
2206 3035 2283 3095 et

104 3130 263 3202 suis
294 3126 732 3205 haeredibus
774 3129 1129 3202 universis
1165 3127 1242 3200 in
1286 3140 1722 3227 perpetuam
1760 3123 2281 3203 haereditatem

107 3234 484 3327 dedimus,
523 3228 957 3311 donavimus
995 3250 1067 3310 et
1102 3230 1546 3309 contulimus
1568 3286 1589 3322 ‚
1625 3231 1777 3305 imo
1809 3232 2098 3326 damus,
2148 3232 2281 3308 do·

110 3367 412 3435 namus,
467 3360 543 3417 et
594 3338 1047 3418 conferimus
1081 3339 1246 3445 jure
1285 3355 1653 3442 perpetuo
1701 3356 1777 3415 et
1830 3338 2278 3415 irrevocabi-

105 3451 281 3525 liter
320 3447 752 3542 tenendam,
807 3446 1357 3553 possidendam,
1414 3448 1693 3548 pariter
1729 3462 1804 3520 et
1847 3444 2279 3541 habendam,

107 3573 511 3634 annuentes
564 3554 840 3632 eisdem
892 3557 1260 3658 kMagistro
1292 3551 1582 3627 Jacobo
1621 3569 1700 3628 et
1737 3554 1887 3628 suis
1934 3548 2276 3629 haeredi-

109 3663 291 3757 bue,
348 3680 429 3739 ut
469 3663 609 3766 ipsi
651 3662 1049 3765 praefatam
1086 3664 1401 3737 Domum
1440 3715 1464 3753 ,
1508 3659 1733 3734 'simul
1769 3685 1940 3735 cum
1975 3659 2119 3764 jam
2153 3658 2276 3734 di-

105 3772 244 3846 ctis
297 3769 583 3848 cunctis
636 3773 780 3848 suis
840 3768 1268 3844 utilitatibus
1323 3769 1395 3840 in
1463 3768 1607 3841 vita
1656 3764 1779 3841 vel
1841 3768 1913 3840 in
1980 3782 2275 3860 morte,

103 3875 282 3953 dum
334 3864 760 3969 maluerint,
814 3875 1102 3980 legandi
1132 3927 1153 3959 ‚
1226 3872 1688 3960 dimittendi,
1746 3889 1820 3947 et
1871 3874 1965 3947 de
2015 3873 2276 3948 eadem

104 3985 308 4060 iuxta
348 4011 606 4059 eorum
646 3982 1035 4060 voluntatis
1066 3980 1356 4056 libitum
1400 3977 1886 4084 disponendi,
1940 3978 2274 4083 plenari-

110 4117 228 4166 am
273 4089 583 4167 habeant
619 4089 1044 4167 facultatem
1067 4145 1089 4184 ‚
1139 4085 1400 4163 harum
1438 4103 1860 4182 nostrarum
1900 4088 2160 4189 vigore
2196 4099 2274 4160 et

110 4198 521 4277 testimonio
554 4197 1005 4279 Litterarum
1039 4193 1427 4272 mediante.
1472 4192 1741 4270 Datum
1773 4193 1852 4267 in
1887 4191 2116 4267 Tbata
2148 4188 2273 4267 die
