2875 4842
688 433 839 502 640

576 642 861 721 Incolas
918 638 1160 714 dictae
1221 658 1397 715 suae
1452 636 1773 713 Civitatis
1814 635 2347 745 strigoniensis
2378 659 2648 717 contra
2686 642 2751 715 i·

575 775 883 856 psorum
943 743 1317 819 libertates
1372 744 1532 818 sine
1592 743 1825 819 Causa
1891 746 2309 822 rationabili
2363 749 2747 853 impediri,

579 853 974 961 praedictis
1029 851 1366 924 Dominis
1408 868 1486 926 et
1526 853 1835 926 caeteris
1883 851 2269 929 Nobilibus
2300 874 2385 932 ut
2421 854 2747 958 praefer-

579 979 703 1038 tur
776 963 854 1035 in
915 956 1192 1034 eisdem
1251 956 1547 1032 Litteris
1625 959 1851 1062 ipsius
1919 961 2225 1035 Domini
2294 961 2753 1064 sigismundi

582 1071 800 1168 Regis
829 1063 1393 1157 Adiudicatoriis
1427 1065 1817 1139 nominatis
1846 1064 2278 1145 litteratorie
2309 1068 2753 1151 mandasset,

586 1195 664 1252 ut
709 1176 845 1277 ipsi
897 1172 1190 1247 Octavo
1234 1167 1356 1242 die
1411 1169 1575 1245 sesti
1631 1170 2196 1276 Epiphaniarum
2238 1176 2547 1252 Domini
2588 1194 2763 1250 tunc

582 1282 916 1371 venturi,
970 1300 1222 1354 coram
1279 1272 1479 1350 Suae
1531 1277 1931 1354 Maiestatis
1984 1282 2356 1380 personali
2417 1309 2765 1385 praesen·

588 1391 684 1464 tia
723 1384 1147 1488 ubicunqne
1189 1406 1333 1486 pro
1366 1397 1545 1458 tunc
1581 1383 1733 1459 Sua
1783 1382 2129 1462 Maiestas
2165 1388 2360 1464 intra
2399 1389 2759 1464 ambitum
2874 1400 2875 1425 ¹

531 1534 542 1543 ·
582 1494 803 1571 buius
853 1493 1099 1597 Regni
1137 1490 1247 1564 sui
1290 1490 1900 1575 constitueretur,
1957 1492 2172 1569 simul
2221 1518 2408 1596 ,cum
2445 1498 2761 1570 univer-

584 1604 680 1677 sis
715 1610 986 1677 ‘eorum
1024 1594 1321 1670 Litteris
1369 1613 1445 1669 et
1488 1596 1959 1675 Litteralibus
1986 1600 2507 1676 Instrumentis
2542 1628 2765 1703 super

584 1707 794 1784 sactis
839 1718 1431 1807 praetaxatorum
1463 1699 1948 1779 Tributorum
2012 1732 2311 1801 eorum,
2365 1712 2445 1781 in
2497 1711 2765 1813 quibus

586 1832 669 1890 ut
716 1811 1209 1913 praemittitur
1258 1807 1571 1882 Tributa
1616 1836 1654 1882 a
1703 1815 2166 1916 praescriptis
2199 1813 2562 1909 Civibus,
2626 1816 2764 1891 Ho-

587 1918 898 2001 mitibus
943 1934 1022 1992 et
1062 1916 1357 2019 Populis
1413 1916 1559 1988 suis
1612 1921 1806 2018 exigi
1843 1917 2230 2009 fecissent,
2286 1921 2669 1998 confectis
2700 1936 2769 1995 et

589 2003 980 2116 einanatis‚
1036 2021 1169 2097 ubi
1215 2039 1292 2096 et
1342 2019 1563 2093 iidem
1623 2025 1875 2115 Cives,
1929 2026 2314 2126 Hospites,
2369 2045 2449 2102 et
2502 2030 2768 2135 Populi

587 2135 699 2210 sui
741 2131 1272 2232 strigonienses
1317 2152 1575 2203 eorum
1631 2130 1946 2204 Litteras
1996 2135 2495 2207 Instrumenta
2552 2162 2770 2240 super

453 2324 466 2343 ι
587 2239 1065 2340 exemptione
1100 2258 1355 2309 eorum
1389 2233 1841 2311 aSolutione
1879 2234 2249 2312 dictorum
2279 2241 2769 2316 Tributorum

590 2344 962 2422 confectas
1025 2359 1101 2416 et
1142 2358 1511 2429 emanata,
1570 2340 1968 2418 exhibituri
2033 2345 2372 2421 constitui
2427 2364 2769 2424 teneren-

591 2471 756 2537 tur,
814 2452 889 2525 e't
950 2473 1382 2550 comparere
1449 2445 1849 2542 deberent,
1906 2466 1992 2525 ut
2042 2449 2193 2526 Sua
2230 2452 2590 2528 Maiestas
2635 2483 2770 2529 una

591 2584 756 2633 cum
807 2556 1147 2631 Praelatis
1187 2572 1260 2628 et
1302 2555 1716 2631 Bai-onibus
1759 2561 1945 2647 suis,
2006 2557 2174 2631 visis
2213 2577 2288 2632 et
2323 2564 2771 2637 examinatis

591 2666 915 2766 ipsarum
964 2660 1340 2735 ambarum
1411 2662 1732 2736 Pan-tium
1794 2662 2090 2738 Litteris
2147 2682 2223 2740 et
2283 2663 2773 2745 Litteratibus

589 2769 1097 2844 Instrumentis
1153 2770 1596 2869 praenotatis
1640 2769 1718 2844 id
1755 2769 2120 2863 facerent,
2162 2770 2370 2845 facto
2420 2773 2501 2845 in
2557 2801 2774 2877 prae·

594 2877 855 2966 missu,
901 2874 1110 2977 ‚quod
1153 2876 1315 2948 Juri
1367 2876 1746 2949 videretur
1780 2876 2160 2980 expedire.
2212 2879 2547 2954 Tandem
2610 2883 2769 2987 ipso

596 2984 885 3058 Octauo
926 2982 1045 3055 die
1092 2981 1395 3082 praefati
1453 2978 1619 3054 festi
1675 2984 2242 3085 Epiplianiarnm
2306 2988 2611 3062 Domini
2663 2993 2769 3063 in·

596 3106 875 3180 stante,
932 3088 1243 3192 ipsoque
1296 3087 1606 3161 condam
1678 3088 1997 3163 Domino
2048 3089 2565 3192 sigismundo,
2636 3122 2768 3172 una

594 3220 763 3271 cum
817 3195 1093 3270 eisdem
1163 3191 1503 3269 Praelatis
1546 3211 1624 3269 et
1670 3195 2080 3272 Baronibus
2132 3198 2280 3273 suis
2334 3200 2407 3271 in
2454 3200 2765 3277 Ciuitate

460 3371 472 3381 .
592 3329 720 3379 sua
787 3301 1256 3392 Posoniensi,
1328 3328 1466 3403 pro
1536 3298 1875 3377 faciendo
1951 3306 2408 3380 causantibus
2489 3307 2764 3383 iudicio

599 3407 1090 3500 consedente,
1166 3407 1473 3511 praefati
1523 3409 1765 3484 Judex
1814 3427 1888 3484 et
1948 3411 2186 3487 Jurati
2244 3413 2467 3486 Ciues
2530 3414 2761 3490 dictae

592 3514 790 3590 Suae
825 3517 1157 3591 Ciuitatis
1196 3515 1720 3615 Strigoniensis
1754 3520 1829 3591 in
1869 3543 2126 3592 eorum
2166 3544 2251 3592 ac
2303 3537 2763 3595 caeterorum

594 3626 1103 3698 universorum
1145 3623 1578 3697 Concivium
1622 3623 1947 3724 ipsorum
1995 3625 2418 3699 nominibus
2466 3645 2543 3701 et
2589 3654 2769 3731 per-

594 3728 789 3801 sonis
820 3725 1012 3803 Suae
1055 3731 1442 3803 Maiestatis
1493 3754 1577 3801 ac
1617 3729 1949 3821 ipsorum
1990 3729 2486 3806 Praelatorum
2524 3754 2602 3808 et
2640 3734 2764 3808 Ba·
2874 3776 2875 3779 ¹

504 3863 516 3877 ·
597 3859 863 3907 ronum
922 3861 1224 3908 suornm
1292 3838 1363 3908 in
1418 3839 1901 3938 praesentiam
1966 3841 2378 3928 venientes,
2434 3857 2515 3914 et
2564 3865 2764 3945 prae-

597 3939 921 4015 sentibus
984 3941 1368 4032 praedictis
1416 3945 1762 4016 'Dominis
1804 3959 1883 4016 et
1927 3940 2321 4018 Nobilibus
2358 3943 2665 4020 Litteris
2702 3949 2765 4018 in

598 4046 911 4142 eisdem,
949 4051 1373 4121 nominatim
1461 4051 1941 4154 conscriptis,
2090 4051 2383 4127 uasdam
2452 4052 2763 4128 Litteras

600 4157 778 4229 olim
833 4155 1128 4231 Domini
1193 4153 1402 4229 Betae
1474 4156 1719 4258 quarti
1802 4156 1983 4233 dicti
2033 4078 2464 4261 (hungariae
2546 4160 2761 4262 Regu
