2875 4842
0 4675 139 4793 ιλ.

591 419 779 524 ‚sss

534 625 1156 731 compromissos,
1204 600 1840 726 magnificumque
1875 625 2112 702 virum
2171 640 2249 700 et
2301 621 2702 699 Dominum

534 730 834 816 Petrum
865 728 1075 808 Cheh
1113 744 1627 834 praenotatum
1669 732 1831 833 ipso
1865 731 2178 806 consilio
2209 729 2586 806 communi
2629 745 2708 804 et

526 840 948 932 voluntate,
1001 837 1094 914 ad
1130 835 1591 935 Principem,
1643 835 1999 918 illustrem
2060 838 2466 913 Dominum
2537 835 2702 908 De-

518 964 860 1053 spotum,
901 945 1185 1022 Ducem
1226 941 1535 1020 Rasciae
1565 966 1798 1048 super
1835 933 1936 1021 eo
1961 960 2443 1026 tractaturum
2470 947 2702 1019 trans·

514 1051 883 1144 misimus,
940 1054 1070 1156 qui
1105 1073 1307 1125 nune
1339 1047 1461 1124 die
1503 1053 1878 1127 communi
1934 1066 2202 1127 statuto
2254 1066 2332 1131 et
2389 1045 2707 1126 ordina·

520 1161 720 1234 tione
754 1158 972 1236 nobis
1009 1155 1127 1233 bie
1156 1153 1792 1256 Quiqueecclesiis
1825 1158 2328 1261 congregatis,
2356 1172 2703 1236 nostrum

516 1266 596 1342 in
626 1263 949 1344 medium
984 1260 1367 1344 redeundo
1423 1261 1647 1365 pleno
1720 1263 1972 1339 retulit
2018 1288 2406 1356 sermone,
2481 1259 2702 1365 quod

513 1369 882 1478 prelibato
923 1372 1259 1474 Despoto
1297 1366 1708 1453 referente.
1763 1366 1957 1445 idem
1989 1365 2489 1480 infallibiliter
2523 1392 2700 1473 per·

393 1565 400 1574 ,
515 1480 872 1580 cepisset,
924 1494 1008 1552 vt
1043 1472 1351 1582 praefati
1401 1473 1698 1556 Domini
1733 1477 2100 1566 Berones,
2154 1500 2289 1551 nisi
2342 1494 2561 1550 citius
2621 1491 2700 1550 et

516 1584 893 1666 solertiori
927 1609 1109 1662 cura
1144 1621 1252 1646 η-
1289 1582 1584 1683 impery
1624 1580 2206 1659 Christianorum
2264 1583 2693 1687 Imperato-

517 1693 655 1785 ris,
724 1691 1145 1795 captiuitate
1200 1687 1693 1772 liberarentur
1742 1715 1829 1764 ac
1877 1688 2470 1781 redimerentur,
2551 1713 2695 1790 pro

516 1795 901 1904 sexaginta¹
922 1796 1259 1900 quinque
1296 1793 1620 1896 millibus
1651 1792 2107 1880 florenorum
2133 1798 2320 1887 aui-i,
2353 1819 2498 1897 pro
2523 1795 2694 1899 qui-

514 1902 657 1986 bus
704 1902 1100 1980 conuentio
1164 1927 1303 2003 pro
1349 1900 1681 2002 ipsorum
1730 1901 2053 2005 capitum
2101 1900 2448 1980 libertate
2487 1902 2694 1977 irre-

516 2007 971 2098 missibiliter
1003 2006 1194 2084 facts
1245 2007 1408 2084 fore
1435 2005 2032 2109 dignosceretur,
2109 2024 2387 2086 extunc
2425 2006 2682 2088 modi*-

521 2142 608 2192 αι
668 2112 1085 2192 huiusmodi
1148 2111 1504 2194 dilatione
1561 2116 2177 2219 superueniente,
2267 2130 2693 2220 perpetuae

513 2222 955 2325 captiuitatis
992 2237 1068 2297 et
1106 2220 1560 2325 perdicionis
1593 2237 1886 2300 catenas
1913 2219 2234 2298 euadere
2278 2247 2427 2297 non
2478 2222 2684 2298 vale-

520 2328 754 2424 bunt,
802 2330 1229 2435 praesertim
1262 2330 1320 2405 si
1358 2327 1764 2406 Dominum
1807 2347 2138 2408 nostrum
2171 2354 2432 2434 regem
2483 2329 2694 2404 Hun-

515 2438 763 2541 gsriae
809 2435 1084 2512 reuerti
1129 2435 1562 2538 eontigerit,
1659 2459 1886 2539 quem
1945 2452 2025 2512 vt
2084 2439 2411 2542 optimus
2481 2435 2688 2510 Deus

513 2541 834 2646 gloriose
856 2596 880 2637 ,
937 2566 1331 2646 prospere,
1364 2566 1453 2622 ac
1488 2539 1804 2624 feliciter
1842 2538 2146 2619 redueat
2168 2597 2190 2636 ‚
2245 2560 2322 2620 et
2356 2538 2686 2622 eundem

515 2673 697 2728 eum·
716 2649 885 2752 ipso
922 2643 1191 2728 Christi
1228 2688 1332 2704 -·
1375 2689 1479 2704 -—
1515 2691 1621 2710 --
1653 2646 2022 2728 acciderit.
2078 2650 2264 2727 Nam
2317 2668 2692 2754 quantum

515 2778 775 2858 omnes
804 2772 1125 2855 quatuor
1161 2754 1493 2832 Berones
1541 2753 1976 2862 praescripti
2004 2756 2098 2832 ad
2133 2782 2481 2861 praesens
2525 2773 2690 2833 tan·

519 2877 672 2946 tum
729 2886 870 2936 nee
923 2885 1181 2938 eorum
1234 2885 1419 2939 vnus
1453 2862 1717 2940 redimi
1755 2866 1970 2942 etiam
2017 2866 2360 2942 minimus
2420 2869 2497 2941 in
2550 2863 2687 2939 fu-

514 2985 763 3049 turum
824 2992 1036 3072 posse
1086 2985 1445 3070 speratur.
1516 2968 1696 3046 Ideo
1754 2969 2054 3074 praeuia
2112 2972 2399 3046 ratione
2453 2996 2689 3075 super

514 3073 925 3179 praemissis
957 3073 1270 3181 amplius
1302 3091 1696 3158 tractantes
1721 3129 1744 3158 .
1794 3073 1891 3151 de
1949 3079 2203 3156 vestris
2248 3072 2687 3156 fraternita-

513 3177 710 3256 tibus
743 3197 818 3256 et
854 3179 1189 3284 amieitys
1223 3180 1526 3258 indubie
1561 3180 2001 3260 confidendo
2026 3239 2050 3280 ‚
2103 3207 2290 3287 quas
2327 3209 2722 3288 praetem.

509 3285 706 3363 tibus
756 3285 1181 3384 affectibus,
1263 3287 1540 3392 quibus
1596 3315 2020 3400 possumus,
2086 3292 2545 3392 requirimus
2599 3306 2685 3368 et

507 3414 843 3471 ortamur
890 3389 1406 3497 amplioribus,
1478 3421 1846 3496 quatenus
1907 3399 1983 3478 in
2049 3414 2200 3473 tam
2235 3395 2684 3476 salubris‘et

507 3497 796 3594 bonesti
834 3500 1003 3580 sacti
1059 3500 1603 3579 ordinationem
1645 3527 1789 3607 pro
1834 3503 2389 3584 Christianitatis
2433 3532 2526 3583 nc
2567 3517 2684 3584 to-

502 3606 646 3682 tius
684 3609 894 3709 regni
934 3608 1253 3698 decore,
1308 3626 1387 3705 et
1423 3606 1961 3686 restauratione
1995 3607 2360 3704 fiendam,
2425 3638 2586 3688 non
2637 3641 2683 3687 a

408 3767 417 3778 f
505 3709 724 3786 nobis
759 3712 1106 3814 separari,
1162 3711 1293 3794 sed
1329 3717 1571 3818 potius
1618 3743 1756 3820 pro
1797 3711 2060 3793 Clu-isti
2095 3720 2395 3798 nomine
2433 3737 2511 3797 et
2548 3719 2681 3795 bo-

501 3841 690 3895 nore
726 3835 976 3893 sancte
1016 3844 1337 3913 corone,
1388 3821 1605 3898 nobis
1647 3821 1979 3905 assistere
2020 3822 2425 3929 dignemini
2465 3824 2680 3903 auxi·

408 3955 421 3964 -
488 3921 791 4018 -liantes3
845 3922 1349 4003 ordinauimus
1401 3928 1901 4022 et¹consulte‚
1962 3933 2191 4033 proiit
2229 3933 2502 4009 nostris
2551 3960 2677 4037 pas-

496 4029 641 4110 tuit
687 4025 1067 4127 sensibus,
1136 4032 1455 4108 vnanirni
1505 4034 1880 4112 voluntate
1931 4053 2009 4114 et
2046 4061 2412 4114 consensu
2439 4038 2671 4145 penu

496 4134 1034 4262 ἀίξροβῑξὶωψ,
1089 4136 1293 4243 quod
1326 4156 1659 4226 nostruin
1698 4160 1773 4217 et
1803 4157 2126 4230 vestrum
2154 4141 2472 4248 quilibet
2507 4170 2670 4236 ³01-
