2875 4842
2027 453 2182 532 845

148 677 348 739 tenor
391 656 728 762 sequitur
787 661 862 736 in
921 658 1103 739 baec
1153 658 1423 740 verba}
1494 655 1651 741 Nos
1698 657 2113 772 CapRulum
2170 663 2303 739 Ee·

148 768 355 846 clesie
393 765 847 869 strigonien.
890 769 1017 862 (V.
1058 791 1144 846 su
1197 777 1290 846 ra'
1323 769 1414 846 ad
1456 773 1729 864 annum
1765 768 2029 867 1378).
2104 772 2305 846 Ter·

152 882 256 952 cie
283 874 645 978 siquidem
698 875 910 950 litere
948 874 1287 954 similiter
1337 877 1648 983 praefati
1673 875 1988 981 Capituli
2031 877 2301 953 Eccle-

147 984 280 1058 siae
314 980 843 1084 Strigoniensis
890 984 1132 1058 clause
1176 987 1641 1059 continencia
1679 986 1878 1062 foret
1912 983 2110 1061 talis:
2167 980 2304 1057 Ex·

149 1087 659 1165 cellentissimo
693 1089 1016 1192 principi
1048 1087 1352 1167 domino
1391 1087 1863 1195 Sigismundo
1886 1149 1905 1178 .
1961 1091 2081 1167 dei
2120 1079 2307 1164 Gra-

147 1198 248 1272 cia
274 1196 540 1270 illustri
567 1200 725 1298 regi
761 1229 864 1278 ·r-·
898 1198 1316 1301 Capitulum
1359 1198 1730 1276 Ecclesiae
1782 1195 2307 1304 strigoniensis

146 1301 254 1400 (V.
294 1329 515 1407 supra
548 1303 637 1377 ad
675 1329 790 1377 an.
829 1303 1094 1400 1391.)
1150 1304 1307 1381 Nos
1343 1306 1572 1408 igitur
1603 1307 1807 1382 iustis
1841 1322 1918 1382 et
1943 1305 2107 1380 Juri
2138 1323 2308 1377 con-

145 1411 324 1485 sonis
360 1413 636 1514 ipsius,
686 1409 1058 1510 Magnifici
1097 1413 1231 1486 viri
1278 1410 1559 1487 domini
1593 1413 1944 1502 Ladislai,
2003 1410 2128 1488 filii
2160 1409 2301 1484 Pe·

146 1519 231 1591 tri
275 1515 936 1620 supplicationibus
996 1517 1359 1619 antefatae
1414 1536 1710 1594 nostrae
1761 1517 2124 1594 Maiestati
2171 1525 2311 1621 pe'r

148 1622 469 1697 eumdem
527 1621 755 1699 modo
811 1625 1211 1728 praemisso
1251 1626 1763 1727 'condecenter
1800 1624 2062 1704 oblatis
2108 1622 2311 1726 regia

149 1728 583 1830 benignitate
619 1731 981 1807 exauditis
1024 1729 1532 1808 fauorabiliter
1570 1750 1644 1808 et
1681 1730 2055 1823 admissis,
2108 1751 2312 1836 prae-

149 1853 400 1912 taxatas
432 1837 663 1922 trinas
697 1836 941 1912 literas
973 1860 1122 1913 non
1159 1836 1449 1914 abrasas
1483 1867 1637 1915 non
1672 1838 2135 1932 cancellatas,
2173 1855 2314 1912 nec

148 1946 213 2019 in
252 1941 493 2046 aliqua
554 1942 663 2018 sui
729 1959 942 2043 parte
990 1943 1329 2042 viciatas,
1401 1944 1528 2020 sed
1583 1967 1789 2022 mera
1850 1947 2177 2022 veritatis
2235 1955 2316 2017 et

145 2047 607 2154 plenitudinis
683 2051 1102 2156 integritate
1169 2049 1712 2156 prepollentes,
1791 2049 2314 2155 presentibus-

148 2179 281 2259 que
320 2153 415 2231 de
451 2155 690 2232 verbo
743 2155 835 2231 ad
889 2157 1209 2234 verbum
1271 2165 1425 2236 sine
1486 2154 1989 2236 diminucione
2038 2174 2116 2234 et
2154 2182 2313 2230 ‚au-

145 2279 429 2366 gmento
475 2264 776 2367 aliquali
804 2319 826 2357 ‚
879 2267 1202 2341 insertas·
1235 2264 1479 2368 quoad
1529 2289 1786 2341 omnes
1828 2289 2088 2340 earum
2136 2288 2315 2369 con·-

148 2370 514 2464 tinentias,
573 2368 922 2446 clausulas
968 2385 1046 2446 et
1086 2371 1435 2449 articulos
1475 2388 1990 2476 acceptamus,
2044 2394 2317 2473 appro-
2428 2457 2433 2462 ⁵

150 2476 389 2553 bamus
426 2493 504 2552 et
539 2475 1024 2572 ratificamus,
1063 2475 1609 2581 requirentibus
1643 2475 2163 2553 nichilominus
2206 2474 2320 2549 in·

153 2585 467 2658 numeris
524 2581 862 2658 fidelibus
917 2586 1233 2660 seruitiis
1290 2603 1365 2661 et
1418 2582 1632 2660 laude
1669 2585 1906 2689 dignis
1944 2579 2319 2686 obsequiis

151 2714 230 2764 ac
259 2692 565 2766 sinceris
612 2706 689 2764 et
721 2689 1064 2767 virtuosis
1105 2692 1660 2800 complacentiis
1689 2749 1710 2787 ,
1764 2693 1989 2792 ipsius
2030 2687 2319 2791 magni-

153 2795 259 2870 fici
292 2797 435 2872 viri
482 2797 790 2872 Domini
831 2796 1145 2873 Ladislai
1197 2824 1341 2902 per
1373 2801 1620 2903 ipsum
1666 2821 1875 2875 sacro
1916 2797 2126 2903 regio
2165 2794 2321 2870 dia·

152 2901 410 2978 demati
444 2922 523 2980 et
556 2927 695 3007 per
716 2925 1188 3008 consequens
1228 2907 1433 3011 regie
1473 2923 1557 2982 et»
1585 2902 2037 3010 reginalibus
2071 2928 2160 2979 ac
2193 2927 2324 2977 no-

153 3025 288 3084 stre
320 3010 822 3085 maiestatibus
867 3011 1053 3086 locis
1111 3029 1184 3088 et
1235 3010 1694 3115 temporibus
1733 3012 2122 3116 oportunis
2152 3031 2325 3084 cum

153 3117 342 3192 omni
398 3111 769 3202 fidelitatis
811 3120 1212 3193 constantia
1260 3117 1602 3194 exhibitis
1649 3137 1725 3195 et
1780 3119 2172 3222 impensis,
2228 3111 2324 3188 d'e

156 3245 506 3299 consensu
541 3225 760 3300 etiam
792 3240 871 3298 et
923 3218 1380 3327 beneplacita
1434 3228 1807 3301 voluntate
1844 3223 2069 3326 ipsius
2101 3220 2327 3296 Sere·

156 3329 440 3406 nissime
495 3331 897 3433 Principis,
958 3330 1284 3407 Domine
1339 3330 1622 3407 Mariae
1673 3336 1970 3435 regine,
2024 3351 2326 3403 consor-

157 3435 243 3529 tis
274 3453 528 3513 nostre
563 3435 985 3527 karissime,
1040 3437 1651 3540 Prelatorumque
1694 3438 2162 3530 etBaronum
2196 3447 2332 3508 no*-
2400 3469 2405 3482 ·

159 3558 465 3618 strorum
506 3542 1306 3647 consilio'prematuro,
1360 3569 1562 3621 mera
1607 3543 2043 3619 auctoritate
2081 3556 2156 3616 et
2194 3565 2326 3642 po·
2396 3613 2401 3622 .

161 3653 418 3725 testatis
468 3646 922 3755 plenitudine
957 3674 1045 3725 ao
1093 3673 1188 3725 ex
1225 3667 1424 3726 certa
1467 3653 1767 3726 scientia
1807 3659 2063 3725 nostre
2104 3647 2326 3721 maie·
2428 3653 2431 3660 ‘

164 3756 347 3830 statis
379 3756 700 3859 prefatas
731 3755 1012 3831 litteras
1051 3758 1266 3833 simul
1298 3783 1466 3834 cum
1505 3758 1881 3862 premissis
1911 3753 2326 3831 concessio—

167 3886 253 3935 ne
307 3863 631 3964 graciosa
685 3880 759 3938 et
814 3868 1209 3940 statutione
1265 3863 1734 3969 possessionis
1782 3860 2143 3940 antefatae
2176 3915 2195 3953 ,
2249 3859 2326 3932 in

170 3968 540 4044 tenoribus
581 3966 1006 4043 earumdem
1039 3974 1373 4075 superius
1402 3967 1618 4045 latius
1662 3969 2042 4074 explicatis
2070 4024 2092 4063 ,
2142 3987 2330 4069 pre·-

172 4069 357 4148 dicto
394 4076 560 4151 viro
618 4072 1009 4179 magnifico
1069 4073 1378 4178 domino
1421 4073 1808 4166 Ladislao,
1863 4077 2166 4178 suisque
2203 4067 2330 4144 he·

68 4210 71 4213 ·
178 4180 468 4257 redibus
504 4198 579 4258 et
618 4182 1168 4286 posteritatibus
1197 4184 1559 4261 vniuersis
1592 4183 2027 4283 innouantes
2063 4197 2330 4283 perpo-
