2875 4842
2072 382 2221 455 659

89 600 306 668 'tum
349 594 423 666 in
483 589 739 693 Terris
786 576 1011 692 quam
1055 613 1280 694 super
1331 588 1539 694 aquis
1591 583 1906 665 ubilibet
1942 591 2024 669 in
2065 592 2335 698 Regno
2430 678 2442 692 ι

119 714 419 775 nostro
464 696 915 799 Hungariae,
970 713 1046 772 et
1086 694 1421 800 partibus
1457 695 1698 774 eidem
1748 696 2096 776 subiectis
2144 725 2331 775 con-

123 805 431 881 stitutis
459 822 546 881 ‘et
579 800 996 880 existentib.
1060 806 1560 907 praesentium
1605 805 1946 882 notitiam
1978 803 2338 883 habituris

127 912 470 999 saliatem
499 930 584 1019 ,et
613 910 939 1015 gratiam.
1015 912 1206 986 Cum
1249 911 1865 988 suri—consonum
1902 913 2165 1017 utique
2216 938 2339 1017 ap-

111 1026 450 1124 pareat,
539 1034 619 1093 et
672 1018 861 1091 ratio
918 1034 1269 1120 exposcat
1324 1019 1710 1121 aequitatis
1727 1075 1752 1113 ,
1823 1019 2338 1125 pertineatque

129 1124 572 1230 provisioni
610 1142 838 1227 atque
871 1121 1332 1227 dispositioni
1364 1123 1772 1229 Imperialis
1817 1140 2045 1230 atque
2095 1128 2367 1232 Rega··
2441 1214 2447 1219 ,

138 1233 242 1306 li·
299 1229 704 1321 claritatis,
759 1254 858 1305 ne
905 1230 1303 1333 quisquam
1356 1230 1611 1308 insons
1667 1249 1744 1307 et
1797 1226 2148 1310 innoxius
2200 1257 2343 1338 pro

139 1336 601 1413 Excessibus
658 1332 748 1411 a'c
819 1354 1030 1412 reatu
1092 1338 1421 1413 criminis
1484 1337 1801 1413 aliorum
1861 1337 2345 1443 impediatur,

141 1440 292 1520 sed
334 1446 579 1548 potius
597 1445 888 1546 Regum
923 1460 1000 1520 et
1015 1444 1437 1549 Principum
1468 1468 1791 1547 quorum
1823 1444 2156 1541 interest,
2183 1472 2346 1552 gra·
2462 1492 2473 1499 ·

143 1550 308 1627 tiae
352 1553 864 1655 praerogativa
910 1549 1376 1644 sublevetur3
1430 1548 1567 1626 hac
1631 1552 1862 1657 igitur
1900 1551 2348 1629 ducti‘Con·
2430 1636 2435 1641 ,

147 1656 605 1734 sideratione
630 1712 652 1747 ‚
706 1656 1048 1733 volumus
1101 1683 1189 1734 ae
1247 1657 1557 1733 Vestrae
1607 1674 1685 1733 et
1748 1656 2140 1735 cuiuslibet
2198 1656 2365 1734 V0·‘

152 1779 399 1839 strum
458 1762 823 1839 Fidelitati
878 1760 1104 1839 firmis
1159 1765 1423 1840 nostris
1495 1761 1751 1840 damus
1798 1764 1877 1840 in
1943 1762 2300 1841 mandatis
2331 1817 2353 1855 ‚

156 1871 446 1947 seriose
513 1869 1086 1974 praecipientes,
1184 1869 1534 1972 aliudque
1607 1867 1888 1948 habere
1960 1870 2306 1948 nolentes
2326 1922 2350 1960 ,

158 1995 529 2079 quatenus
565 2005 610 2050 a
659 1975 888 2053 modo
930 1976 1008 2051 in
1056 1993 1270 2053 antea
1321 1978 1654 2056 ulteriori
1700 1994 1965 2055 nostro
2008 1975 2353 2054 mandato

159 2082 440 2158 exinde
480 2106 632 2158 non
693 2098 1121 2188 exspectato
1148 2138 1171 2177 ‚
1226 2081 1480 2165 fideles
1532 2099 1830 2162 nostros
1871 2082 2234 2183 Providos
2279 2102 2358 2162 et

164 2186 836 2293 circumspectos,·
886 2184 1229 2265 Judieem
1253 2245 1273 2274 ,
1327 2190 1623 2264 Juratos
1658 2200 2177 2291 'caeterosque
2229 2189 2359 2266 ci·
2453 2282 2461 2288 ,

167 2320 340 2390 ves,
393 2295 787 2401 Hospita,
839 2295 1126 2372 Incolas
1168 2313 1244 2372 et
1275 2293 1811 2373 Inhabitatores
1860 2296 2184 2373 Civitatis
2221 2317 2354 2370 no·

169 2418 367 2478 strae
429 2402 887 2478 posoniensis
910 2456 932 2494 ‚
986 2421 1114 2479 aut
1171 2404 1503 2509 ipsorum
1564 2402 1880 2479 alterum
1906 2457 1929 2494 ‚
2006 2429 2148 2479 nec
2200 2425 2354 2477 non

172 2506 509 2583 homines
560 2527 635 2585 et
672 2506 1076 2584 familiares
1104 2534 1365 2586 eorum
1404 2509 1587 2584 dum
1618 2509 1846 2585 iidem
1878 2535 2049 2585 cum
2089 2510 2355 2585 merci·
2552 2512 2557 2519 ’

176 2615 358 2708 bus,
413 2616 791 2718 rebusque
841 2632 918 2690 et
964 2615 1188 2690 Bonis
1234 2616 1569 2719 ipsorum
1605 2617 2178 2719 quibuscunque
2211 2640 2354 2718 pro

179 2721 507 2797 victuum
552 2740 861 2798 suorum
915 2725 1321 2796 necessaria
1367 2721 1813 2824 aquis-itione
1871 2718 2156 2797 diversa
2208 2721 2353 2796 Cli-

182 2844 372 2904 mata
410 2845 484 2903 et
519 2829 723 2905 Loca
756 2829 1084 2928 Regnor.
1127 2844 1442 2903 nostror.
1482 2825 2043 2927 perlustrando,
2096 2826 2190 2902 ad
2236 2853 2356 2904 ve-

183 2951 362 3012 stras
402 2952 678 3029 terras,
732 2946 1022 3008 tenutas
1057 2933 1557 3036 possessiones
1579 2990 1602 3030 ,
1654 2932 1974 3011 honores
1996 2989 2019 3027 ,
2074 2933 2349 3013 officio·
2420 2962 2433 2975 ·

183 3041 366 3118 latus
407 3067 498 3116 ac
532 3041 760 3117 vestri
815 3034 1141 3113 medium
1200 3044 1710 3140 pervenerint.
1768 3040 2084 3117 Nostrae
2130 3038 2354 3114 Maie-

186 3151 376 3225 statis
416 3147 726 3238 intuitu,
782 3142 1286 3221 favorabiliter
1314 3142 1819 3247 suscipiendo,
1841 3196 1851 3211 ·
1877 3164 1953 3223 et
1985 3146 2351 3223 benevole

187 3253 733 3359 pertractando,
790 3250 1075 3326 nullum
1117 3249 1391 3328 eisdem
1433 3252 2043 3359 impedimentum
2084 3250 2350 3330 infera-

186 3360 282 3436 tis
310 3357 839 3464 quoquomodo
877 3382 1020 3433 nec
1053 3382 1581 3461 quemcunque
1622 3386 1727 3436 ex
1770 3360 1984 3463 ipsis,
2039 3384 2348 3435 eorum·-

187 3492 332 3568 que
370 3466 789 3541 bominibus
829 3483 905 3539 et
941 3462 1419 3542 familiaribus
1456 3466 1550 3540 ad
1589 3466 1901 3545 cuiusvis
1925 3464 2346 3542 Instantiam

185 3576 258 3648 in
281 3574 603 3675 personis
635 3569 992 3661 iudicare,
1030 3572 1146 3648 vel
1170 3589 1421 3649 vestro
1440 3570 2110 3649 adstareJudicatui
2148 3574 2345 3646 com·

185 3680 445 3784 pellere
482 3679 959 3784 praesumatis
983 3733 1004 3770 ‚
1059 3679 1432 3779 signanter
1469 3702 1611 3786 pro
1647 3676 1959 3773 debitis,
2014 3677 2298 3753 delictis
2316 3730 2340 3770 ,

75 3864 76 3871 χ
189 3785 464 3861 offensis
519 3801 597 3862 et
656 3784 1098 3861 Excessibus
1152 3783 1485 3860 aliorum.
1571 3781 1656 3859 Si
1711 3784 1842 3887 qui
1894 3808 2079 3861 vero
2128 3780 2342 3887 quid·

195 3918 402 3995 quam
452 3892 759 3969 ac'tionis
815 3890 934 3966 vel
985 3891 1435 3993 quaestionis
1484 3908 1716 3994 super
1768 3890 2340 3993 quibuscunque

193 3998 387 4075 factis
424 4015 498 4076 et
531 3998 840 4103 negotiis
884 4015 1139 4073 contra
1179 4014 1259 4071 et
1296 3996 1646 4074 adversus
1698 3996 2018 4100 aliquem
2059 3993 2341 4101 praefa-

199 4125 420 4182 torum
473 4105 758 4183 Civium
779 4159 801 4197 ‚
857 4103 1254 4209 Hospitum
1299 4104 1718 4185 Incolarum
1775 4117 1855 4178 et
1896 4094 2338 4242 Ipbabitato·
2381 4188 2390 4195 ⁴
