2875 4842
2001 471 2162 553 205

70 679 87 687 ’
110 691 248 752 ωε
273 668 605 783 Reginali
645 671 1090 755 litteratorio
1129 671 1377 749 edicto
1414 672 1953 750 interveniente
1990 701 2271 755 seeun-

120 783 267 859 dum
308 783 528 858 series
579 781 981 856 litterarum
1027 776 1355 881 ejusdem
1401 777 1688 856 Nicolai
1722 779 2027 863 Palatini
2077 812 2266 888 pro-

121 892 619 991 rogatoriarum
648 941 671 981 ,
726 885 941 963 simul
984 912 1152 962 cum
1183 886 1399 961 dietis
1436 886 1747 987 Judicys
1793 889 2164 985 Centums
2191 909 2268 968 et

121 994 561 1099 Septuaginta
618 996 830 1071 unius
882 1020 1294 1089 marcarum
1347 991 1438 1066 ad
1496 1012 1786 1069 octavas
1835 992 1980 1069 diei
2029 997 2266 1100 ‘medy
2355 1087 2360 1092 ,

112 1103 639 1204 quadragesime
676 1102 1179 1178 inter'venture
1231 1099 1710 1205 prorogative
1752 1100 2071 1177 deuenta
2122 1131 2258 1183 ex·-

116 1210 401 1285 titisset.-
454 1208 789 1285 Tandem
828 1208 1008 1312 ipsis
1052 1208 1330 1282 octavis
1381 1205 1819 1283 instantibus
1862 1207 2267 1314 Gregorius

117 1312 269 1389 filius
308 1317 601 1418 Lucasy
623 1342 761 1417 pro
801 1318 942 1390 iam
986 1313 1197 1389 dictis
1233 1312 1588 1419 Magistro
1625 1312 1869 1408 Petro,
1906 1312 1953 1387 J
1957 1316 2270 1413 ohanne,

122 1442 183 1496 et
206 1420 408 1499 Paulo
446 1420 615 1525 filys
653 1422 943 1499 Nicolai
976 1420 1070 1494 de
1113 1419 1555 1499 Erezthvven
1596 1447 1762 1494 cum
1802 1442 2259 1523 procurato-

116 1530 229 1602 rim
270 1528 528 1603 litteris
589 1529 863 1607 nostris
928 1531 1003 1603 iri
1070 1530 1296 1639 ipsius
1358 1529 1542 1619 dicti
1609 1523 1897 1618 Nicolai
1958 1526 2265 1606 Palatini

121 1639 519 1737 presentiam
562 1636 931 1712 veniendo
977 1635 1259 1735 litteras
1302 1632 1480 1711 dicti
1523 1636 1955 1711 Conventus
1981 1636 2262 1739 ,Syme-

124 1743 335 1841 giensis
389 1768 623 1848 super
677 1744 1046 1847 premissis
1097 1740 1696 1847 rescriptionales
1747 1739 2036 1819 easdem
2077 1771 2266 1848 pre-

80 1876 87 1883 ’
123 1866 441 1925 sentasset.
528 1853 615 1925 In
663 1851 937 1950 quibus
971 1851 1127 1953 ipse
1164 1848 1526 1950 Dominus
1561 1848 1925 1926 Palatinus
1954 1878 2098 1955 per
2134 1850 2262 1928 Jo-

120 1949 384 2031 hannem
426 1956 526 2033 de
569 1952 647 2028 M
649 1959 869 2058 ykola
901 1982 1115 2032 suum
1137 1954 1609 2031 Palatinaiem
1646 1972 1721 2029 et
1755 1954 2064 2032 fratrem
2108 1960 2261 2033 An·

120 2057 402 2136 thonium
449 2056 771 2167 predicti
809 2061 1244 2139 COnvemus
1285 2061 1618 2138 homines
1660 2083 2099 2141 memoratas
2129 2092 2262 2143 no·

115 2164 262 2243 biles
292 2171 650 2246 Dominas
691 2188 1115 2261 consortem
1164 2170 1365 2245 Petri
1413 2169 1544 2272 fily
1583 2167 1933 2244 Johannis
1969 2171 2062 2248 de
2103 2170 2256 2248 De·

114 2272 223 2369 ed,
268 2293 337 2351 et
373 2276 705 2353 relictam
740 2275 1021 2373 Thome
1066 2276 1191 2378 fily
1224 2278 1420 2353 Petri
1450 2295 1531 2353 et
1565 2274 1796 2351 Sauul
1819 2264 2012 2352 'filias
2057 2278 2256 2354 vide·

116 2374 249 2457 licet
285 2376 474 2457 Pa'uli
525 2382 658 2487 fily
698 2380 916 2473 Hemi
942 2441 964 2477 ,
1020 2408 1158 2458 nec
1196 2411 1344 2459 non
1391 2384 1727 2459 relictam
1767 2383 2120 2460 Johannis
2152 2384 2248 2459 fi-

112 2478 174 2583 iy
196 2487 440 2585 Pethus
484 2490 581 2566 de
629 2488 962 2567 Gunchel
1002 2488 1337 2566 Sabbato
1384 2489 1734 2594 proximo
1778 2508 1946 2565 ante
1978 2491 2256 2573 festum

44 2684 45 2691 ἵ
116 2592 968 2698 Ερίρῑιεηὶαταωῤοίηὶ
1011 2598 1351 2702 proxime
1372 2598 1807 2701 preteritum
1840 2597 1920 2673 in
1945 2597 2253 2702 Sumeg-

44 2742 45 2745 ¹
118 2721 217 2774 var
258 2704 570 2780 secunda
624 2704 811 2780 feria
868 2722 1045 2781 tunc
1080 2744 1189 2761 —
1239 2745 1345 2759 —-
1380 2707 1460 2780 in
1507 2704 2243 2808 Wasarusmerenye.

117 2803 325 2886 Tertio
362 2831 651 2908 autem,
707 2831 783 2888 et
822 2810 1085 2889 ultimo
1146 2811 1328 2889 seria
1381 2812 1641 2915 quinta
1684 2812 2021 2888 similiter
2071 2830 2251 2889 tunc

46 2966 47 2969 ,
114 2919 403 3011 pro-xime
463 2919 809 3022 sequenti
874 2920 952 2993 in
996 2916 1372 3020 Marezaly
1416 2922 1536 2978 -‘
1574 2954 1681 2973 --·
1732 2914 2012 2995 scilicet
2068 2915 2251 2996 foris

114 3025 790 3124 conprovincialibus
824 3027 1010 3100 villis
1048 3028 1120 3100 in
1176 3024 1452 3100 eisdem
1501 3021 1913 3117 celebratis,
1976 3024 2255 3102 Contra

119 3148 451 3207 annotatos
512 3135 937 3236 magistrum
1003 3132 1297 3227 Petrum
1338 3131 1654 3223 Paulum,
1693 3146 1777 3211 'et
1827 3130 2250 3209 Johannem

44 3304 45 3325 ¹
112 3227 287 3332 filyos
338 3239 621 3313 Nicoiai
693 3239 786 3315 de
853 3232 1195 3316 Erezthw'
1245 3239 1450 3314 iuxta
1504 3265 1710 3337 suam
1768 3237 2249 3315 Judiciariam
2297 3246 2306 3253 ”

44 3370 45 3423 j
118 3341 657 3421 commissionem
702 3341 1140 3429 antedictam
1192 3343 1483 3447 easdem
1548 3343 1853 3447 quidem
1917 3343 2015 3419 ad
2076 3371 2248 3448 pre-

44 3470 45 3541 f
118 3446 299 3521 missa
347 3477 547 3527 suam
605 3452 1072 3529 Palatinalem
1138 3455 1670 3555 inpresentiam
1719 3455 2044 3557 legitime
2075 3442 2263 3556 p’ro?

125 3550 414 3657 clamatas
453 3559 672 3636 fuisse
709 3562 1183 3663 comperisset
1215 3559 1625 3637 evidenter.
1685 3560 1804 3636 Ad
1851 3585 2033 3663 quas
2073 3555 2248 3658 ejas·
2336 3558 2342 3563 ’

129 3652 252 3733 dem
296 3682 576 3759 octavssas
603 3706 706 3721 --
746 3708 846 3721 —
884 3669 1228 3771 proxime
1268 3664 1554 3771 prefate
1598 3665 1884 3741 nobiles
1924 3666 2244 3770 Domine

130 3786 228 3859 per
258 3771 387 3843 iam
432 3772 710 3849 dictum
754 3791 1312 3878 procuratorem
1354 3772 1723 3849 dictorum
1758 3770 2080 3849 filiorum
2109 3772 2246 3849 Ni·-

122 3867 276 3946 eolai
316 3877 387 3949 in
431 3882 763 3980 personis
791 3878 1236 3955 eorumdem
1289 3881 1637 3985 congruis
1690 3874 1955 3956 diebus
1993 3919 2097 3934 --
2141 3919 2248 3933 --

127 3974 471 4059 earundem
521 4009 773 4065 coram
820 3988 985 4090 ipso
1046 3981 1334 4065 Nicolai
1373 3980 1468 4062 de
1512 3988 1703 4062 Gara
1738 3986 2068 4063 Palatino
2106 4010 2246 4060 ex-

130 4100 333 4197 ppctae
368 4089 447 4166 in
499 4092 827 4198 ejusdem
882 4084 1325 4195 presentiam
1359 4119 1513 4169 non
1546 4096 1912 4171 venissent
1937 4117 2080 4168 nec
2117 4091 2248 4169 mi·

124 4203 336 4271 ment
355 4250 380 4292 ,
428 4226 570 4279 nec
618 4198 1141 4309 persolvissent
1197 4199 1247 4276 J
1249 4197 1491 4279 udicia
1538 4216 1931 4307 prenotata
1976 4224 2054 4277 se
2100 4222 2244 4303 pro
