2875 4842
648 457 797 531 122

536 670 701 745 stris
740 666 978 743 Dalm.
1020 684 1096 742 et
1150 664 1393 742 Groat.
1438 665 1571 767 qui
1628 665 1885 742 vinum
1939 683 2018 758 et
2054 664 2280 738 salem
2321 660 2416 736 ad
2462 659 2733 763 quod-
2763 687 2786 720 x
2859 695 2860 702 ¹

537 772 715 850 dam·
738 777 1075 851 Castrum
1119 772 1217 847 de
1253 797 1450 845 novo
1481 797 1619 872 per
1663 772 1750 845 D.
1790 775 2075 876 Regem
2118 771 2429 845 Basciae
2472 787 2549 844 et
2579 769 2729 842 Bo-

538 908 713 957 snae
746 883 939 957 inter
976 879 1425 984 praedictam
1473 878 1870 955 Ciuitatem
1919 894 2246 954 nostram
2290 874 2606 979 Ragusii
2645 891 2728 949 et

539 987 936 1084 Ciuitatem
984 1004 1308 1061 nostram
1351 982 1648 1062 Chatari
1703 986 2146 1089 appellatam
2201 983 2278 1055 in
2324 982 2497 1058 loco
2541 983 2726 1054 Dra-

537 1097 825 1171 ohvizza
879 1094 1253 1168 nominato
1290 1109 1848 1186 constructum,
1905 1111 1979 1167 et
2031 1092 2260 1164 etiam·
2288 1088 2382 1164 ad
2433 1089 2578 1163 alia
2623 1091 2731 1162 lo·
2858 1135 2860 1148 Α

540 1207 627 1276 oa
663 1206 1087 1282 inconsvet'a
1135 1214 1394 1273 contra
1435 1197 1852 1273 libertatem
1892 1216 1967 1272 et
1998 1199 2371 1296 antiquam
2411 1221 2732 1300 consve7
2859 1203 2860 1268 ξ

539 1307 867 1385 tudinem
932 1307 1159 1411 ipsius
1211 1303 1546 1410 Civitatis
1580 1323 1896 1382 nostrae
1940 1301 2294 1405 Rugusii,
2350 1322 2423 1377 et
2461 1307 2538 1377 in
2597 1327 2734 1405 op-

537 1413 929 1521 probrium
969 1431 1042 1488 et
1076 1409 1652 1486 diminutionem
1691 1412 1969 1516 jurium
2011 1407 2340 1513 ejusdem
2385 1409 2728 1486 Civitatis

537 1531 835 1597 nostrae
893 1536 1267 1623 portarent
1326 1536 1402 1594 et
1467 1513 1891 1609 deferrent,
1980 1517 2401 1617 supplicant
2458 1517 2728 1612 nobis,

537 1631 711 1732 ipsis
759 1652 987 1730 super
1040 1624 1183 1699 hoc
1231 1623 1630 1727 providere
1697 1625 1794 1700 de
1866 1622 2204 1700 remedio
2268 1642 2728 1726 opportuno.
2859 1721 2860 1724 Ἴ

535 1736 692 1811 Nos
737 1738 988 1836 itaque
1029 1731 1358 1814 volentes
1397 1731 1664 1808 dictam
1690 1730 2080 1806 Civitatem
2115 1746 2440 1804 nostram
2484 1732 2733 1829 Ragu·
2855 1773 2860 1860 ὦ

532 1843 748 1915 sii·in
800 1840 949 1915 suis
1005 1839 1515 1934 libertatibus„
1572 1859 1650 1914 et
1692 1835 2345 1915 consvetudinibus
2400 1837 2746 1936 antiquis·
2859 1881 2860 1884 =

306 1977 311 1991 ·
422 1988 426 1998 ·
534 1946 811 2022 illibate
866 1971 1359 2037 conseruare,
1417 1964 1497 2021 ut
1531 1946 1802 2020 exinde
1852 1944 2028 2019 dicti
2081 1943 2295 2018 Cives
2344 1945 2579 2018 nostri
2619 1943 2728 2016 di-

536 2053 745 2130 sfiant
783 2053 921 2128 sub
983 2052 1327 2156 Principe
1375 2050 1700 2155 glorioso
1743 2051 2012 2127 devote
2059 2047 2439 2140 famulari,
2492 2068 2729 2151 atque
2833 2119 2848 2128 .

534 2159 628 2235 ab
667 2162 838 2263 ipsis
876 2159 1347 2241 utilitatibus,
1407 2181 1482 2233 et
1530 2157 1833 2236 honoris
1876 2158 2218 2250 materia,
2275 2155 2727 2260 lucrumque

532 2262 1002 2344 fructiferum
1047 2268 1327 2369 Regiae
1377 2270 1764 2370 proveniat
1812 2265 2173 2368 Maiestati
2232 2263 2326 2339 de
2371 2267 2727 2346 consiste,

534 2398 900 2450 consensu
972 2391 1048 2450 et
1116 2372 1998 2476 beneplacita-voluntate
2051 2370 2577 2446 serenissimae
2647 2386 2728 2441 et

535 2479 1202 2556 Excellentissimae
1249 2481 1607 2582 Principis
1653 2479 1979 2554 >Domine
2013 2476 2280 2552 Elisab.
2323 2480 2727 2579 praemissa

534 2588 624 2660 D.
683 2587 773 2661 G.
812 2588 904 2660 R.
965 2585 1158 2687 Ung.
1206 2586 1364 2662 Pol.
1419 2588 1578 2663 Dal.
1633 2604 1778 2662 eto.
1822 2585 2221 2659 Genitricis
2270 2602 2561 2658 nostrae
2604 2609 2730 2658 oa-

535 2693 908 2786 rissimae‚
965 2693 1621 2791 Praelatorumque
1671 2708 1748 2766 et
1805 2692 2177 2765 Baronum
2228 2687 2409 2790 Reg.
2464 2692 2728 2765 Nostri

536 2807 1011 2897 praematuro
1049 2801 1455 2871 sancientes
1495 2799 1837 2872 duximus
1869 2795 2502 2888 committendum,
2562 2814 2648 2869 ut
2683 2823 2728 2869 a

533 2904 806 2996 mode,
863 2922 939 2978 et
968 2901 1317 3005 deinceps
1356 2901 1596 2978 nullus
1631 2904 2048 2980 Incolarum
2101 2904 2540 3005 Regnorum
2584 2929 2726 2979 no-

535 3027 864 3085 strorum
904 3027 1485 3085 memoratorum
1530 3010 1846 3104 Vinum,
1902 3029 1976 3086 et
2013 3010 2262 3085 Salem
2303 3009 2395 3083 ad
2430 3009 2727 3112 praedi·

534 3134 736 3192 ctum
791 3115 1137 3192 Castrum
1184 3117 1481 3193 Novum
1518 3118 1593 3191 in
1644 3116 1814 3194 loco
1855 3117 2291 3192 Dracavizza
2322 3169 2342 3206 ,
2402 3134 2480 3190 ut
2514 3144 2728 3221 prae·

532 3219 822 3319 fertur,
878 3240 1410 3316 constructum,
1468 3243 1542 3300 et
1575 3223 1663 3298 ad
1706 3226 1843 3299 alia
1885 3227 2043 3300 loca
2081 3226 2511 3298 inconsveta
2550 3249 2724 3296 con-

536 3347 647 3405 tra
704 3328 1589 3436 antiquam-libertatem.
1684 3348 1759 3406 et
1806 3328 2410 3407 consvetu'dinem
2474 3329 2724 3406 dictae

539 3435 898 3513 Civitatis.
951 3443 1241 3512 nostrae
1314 3437 1613 3538 Ragusii
1687 3455 1765 3512 et
1807 3435 2389 3512 ‘diminutionem
2439 3434 2722 3536 jurium

532 3540 861 3645 ejusdem
928 3545 1264 3622 Civitatis.
1308 3559 1603 3617 nostrae
1657 3559 1960 3645 portare
2014 3559 2547 3643 praesummat,
2604 3542 2726 3618 vel

532 3646 833 3724 deferre
870 3649 1011 3724 sub
1052 3676 1292 3752 poena
1332 3649 1737 3724 amissionis
1786 3667 1862 3725 et
1893 3648 2328 3757 privationis
2377 3651 2725 3724 vinorum

530 3773 607 3831 et
645 3750 906 3832 salium
967 3756 1559 3857 praedictorum,
1613 3772 1690 3831 et
1730 3754 1873 3833 boe
1928 3758 2266 3830 volumus
2304 3756 2380 3829 in
2430 3755 2613 3829 foris
2649 3773 2729 3829 et

498 3860 720 3948 ,locis
760 3858 1126 3962 publicari
1173 3864 1267 3934 in·
1295 3862 1505 3937 dietis
1544 3863 1825 3966 Regnis
1861 3863 2126 3939 nostris
2171 3862 2404 3935 Dalm.
2442 3878 2520 3935 et
2537 3860 2734 3936 Cro-³

534 3968 723 4044 atiae
774 3967 1017 4070 palam
1064 3967 1346 4069 ubique
1387 3969 1638 4043 facere
1692 3967 2176 4071 proclamari,
2225 3986 2460 4069 prout
2503 3970 2730 4042 etiam

527 4074 608 4168 ,in
646 4071 965 4149 formam
999 4076 1233 4150 nostri
1252 4072 1627 4176 Priuilegii
1660 4073 1898 4179 redigi
1923 4076 2329 4165 ²faciemus,
2367 4073 2729 4148 dum-no-

531 4178 647 4257 bis
689 4178 994 4258 eaedem
1042 4181 1121 4256 in
1158 4178 1403 4283 specie
1437 4179 1714 4258 fuerint
1743 4199 2178 4287 rapot-tatae.
2273 4181 2544 4258 Datum
2583 4182 2730 4264 Bu-
