2875 4842
2129 418 2285 495 485

137 608 156 617 ⁵
212 619 294 698 in
329 648 645 728 persona
680 640 758 703 et
795 622 1232 703 auctoritate
1273 622 1500 729 ipsius
1532 622 1852 709 Ladislai
1891 629 2083 736 regis
2134 620 2385 734 dispo·

211 750 520 828 nerent,
574 730 1046 826 ordinarent,
1097 749 1176 807 et
1201 730 1694 836 sponderent,
1734 751 2001 813 cuneta
2033 733 2152 809 illa
2187 737 2386 813 idem

204 836 590 923 Ladislaus
631 843 797 915 Rex
819 855 1287 942 acceptaret,
1324 837 1748 935 ratificaret,
1795 858 1872 917 et
1906 840 2385 946 perhenniter
2430 866 2437 872 ·
2494 922 2503 935 „

121 978 154 999 ⁴
205 963 548 1022 exnouo
578 946 1015 1039 roboraret3
1052 961 1130 1021 et
1166 962 1246 1023 vt
1275 945 1595 1021 celerius
1629 966 1705 1022 et
1724 947 2011 1025 facilius
2053 948 2385 1026 annotati

205 1046 633 1156 Stephanus
669 1051 1066 1156 Wayuoda
1099 1067 1176 1128 et
1218 1050 1406 1127 alter
1442 1049 1863 1158 Stephanus
1899 1053 1993 1131 de
2035 1053 2385 1159 Simony-

201 1172 513 1258 tornya,
568 1152 910 1235 vna'cum
943 1156 1250 1235 Andrea
1308 1156 1536 1236 fratre
1587 1160 1961 1264 ipsorum,
2034 1188 2174 1238 nec
2228 1188 2381 1238 non

199 1265 497 1365 prefato
536 1267 909 1371 Stephano
941 1265 1146 1343 dieto
1180 1261 1395 1341 Vrdu
1450 1265 1496 1367 h
1528 1266 1728 1371 ipsos
1762 1268 2200 1371 reginicolas
2242 1292 2380 1344 no-

197 1386 396 1447 stros
425 1371 516 1446 ad
553 1373 784 1473 ipsius
823 1371 1139 1449 Ladizlai
1176 1373 1373 1474 regis
1397 1292 1877 1478 {eneplacim
1914 1392 1990 1450 et
2025 1372 2381 1451 obedien-

197 1476 319 1552 cie
343 1479 737 1554 commoda
771 1477 1214 1586 complenda
1243 1480 1652 1583 potuissent
1689 1479 2051 1577 subdere,
2090 1480 2378 1569 ,flecte-

194 1606 323 1670 re,
377 1600 454 1661 et
487 1586 887 1680 inclinare,
941 1585 1228 1661 nunciis
1274 1625 1374 1638 -
1411 1624 1517 1643 -
1555 1586 1705 1662 suis
1742 1587 2196 1690 ad²Bayzath
2233 1590 2378 1665 Do-

192 1692 484 1767 minum
513 1693 934 1771 Tui-corum
973 1716 1201 1794 super
1236 1716 1371 1786 eo,
1411 1707 1490 1767 vt
1529 1691 1755 1799 ipsius
1797 1692 2117 1797 Bayzath
2153 1693 2377 1772 filiam
2422 1686 2426 1690 Α

196 1792 444 1873 eidem
483 1797 815 1877 Ladislao
851 1799 1011 1901 regi
1050 1797 1564 1877 matrimoniali
1622 1795 1926 1877 foedere
1956 1798 2375 1911 copulare,

197 1922 282 1980 et
306 1907 724 2009 copulatam
759 1931 972 1983 sacro
1006 1902 1414 1999 diademate
1438 1905 1666 2009 ipsius
1696 1908 1904 2011 regni
1943 1910 2178 1983 nostri
2222 1911 2369 1984 im·

193 2011 517 2111 mediate
553 2011 960 2088 voluissent
988 2036 1355 2088 coronare
1376 2066 1399 2105 ,
1452 2011 1733 2103 solicite
1766 2013 2140 2101 destinatis
2185 2015 2372 2089 vali-

186 2115 375 2193 dum
410 2136 486 2193 et
516 2119 971 2195 senissimum
993 2119 1414 2196 Turcorum
1449 2135 1692 2194 cetum
1730 2137 1803 2197 et
1837 2109 2212 2199 faleratum
2251 2146 2373 2197 co·

188 2219 486 2300 hortem
509 2281 531 2317 ,
584 2224 679 2299 ad
715 2226 1092 2303 territoria
1124 2224 1334 2327 regni
1375 2220 1609 2301 nostri
1632 2226 1828 2302 inter
1859 2224 2125 2302 fluuios
2178 2220 2368 2303 'Dra-

189 2356 290 2411 ue
327 2348 408 2407 et
443 2328 637 2406 Saue
678 2331 1066 2409 existentia
1108 2328 1475 2407 hostiliter
1524 2330 2036 2428 introducere,
2107 2349 2183 2407 et
2227 2356 2364 2437 per
2483 2402 2493 2423 ,

186 2437 494 2515 eosde‘m
530 2436 764 2513 valida
797 2437 1181 2534 incendia,
1221 2452 1296 2513 et
1327 2432 1750 2532 homicidia,
1783 2463 1870 2513 ae
1901 2434 2136 2539 spo'lia
2156 2465 2368 2541 gran·-

183 2541 315 2618 dia
360 2561 436 2620 et
471 2542 941 2622 detenciones
977 2542 1624 2648 abduccionesque
1654 2544 2020 2621 nobilium
2050 2562 2127 2625 et
2163 2552 2361 2649 igno-

183 2648 457 2727 bilium
483 2707 504 2747 ,
561 2652 946 2757 Vtriusque
978 2677 1194 2731 sexus
1236 2650 1660 2747 hominum,
1716 2646 2043 2727 fidelium
2078 2669 2360 2727 nostro-

183 2785 360 2835 rum
397 2759 475 2833 in
518 2786 752 2863 regno
798 2776 896 2836 et·
913 2757 1296 2836 territorio
1352 2759 1626 2833 nostris
1681 2757 2060 2850 antefatis,
2134 2774 2360 2861 prout

181 2862 327 2940 hec
366 2883 632 2955 cuncta
685 2894 949 2943 eorum
1008 2866 1337 2943 facinora
1399 2861 1653 2940 fideles
1709 2867 1942 2941 nostri
1989 2862 2357 2941 dolorosis

179 2995 450 3048 eorum
469 2973 861 3077 gemitibus
901 2991 1158 3051 nostro
1190 2976 1694 3077 inconspectu
1728 2998 1988 3047 reuera
2001 2998 2354 3075 compro·

179 3076 496 3163 barunt,
552 3086 982 3186 perpetrare
1017 3078 1265 3155 facere
1295 3081 1514 3155 veriti
1543 3106 1694 3154 non
1738 3079 2043 3155 fuerunt
2088 3077 2354 3179 nequi·

180 3199 323 3261 ter.
381 3189 708 3265 Demum
741 3186 945 3262 idem
980 3184 1392 3291 Stephanus
1423 3185 1739 3289 Vrdugh
1770 3186 1957 3262 mala
1986 3184 2193 3259 malis
2233 3208 2352 3260 ac·

180 3289 599 3387 cumulans,
670 3293 848 3370 dum
898 3319 1318 3395 regressum
1368 3307 1710 3371 nostrum
1759 3318 2008 3369 versus
2060 3291 2352 3367 climata

173 3400 392 3500 regni
435 3402 673 3477 nostri
709 3401 1209 3491 intellexisset,
1243 3404 1579 3505 protinus
1600 3388 1676 3475 in
1709 3398 2180 3473 manifestum
2215 3424 2346 3473 sue

173 3504 625 3585 infidelitatis
660 3510 991 3611 signum,
1060 3510 1294 3601 viam,
1369 3532 1521 3608 qua
1570 3532 1715 3581 vna
1773 3531 1941 3580 cum
2005 3501 2359 3599 fidelibus

178 3612 500 3689 subditis
537 3616 846 3708 nostris,
897 3614 1107 3689 lateri
1159 3628 1417 3688 nostro
1466 3610 2029 3704 adherentibus,
2097 3636 2349 3687 versus

173 3736 260 3795 et
295 3746 532 3824 prope
554 3717 972 3823 predictum
1007 3719 1314 3797 fluuium
1343 3718 1613 3797 Drawe
1645 3715 2347 3823 proficiscebamur,

177 3842 341 3905 toto
378 3852 635 3931 posse,
689 3824 1039 3903 insidiose
1071 3825 1499 3918 recludere,
1557 3842 1631 3900 et
1674 3822 1949 3900 aditum
1991 3822 2348 3930 prohibe-‚-

170 3956 301 4026 re,
357 3951 433 4009 et
470 3931 831 4040 impedire
871 3933 1285 4039 satagebam
1339 3929 1469 4009 sed
1508 3927 1878 4009 dictorum
1923 3951 2351 4010 nostrorum

171 4035 500 4116 fidelium
562 4038 1031 4119 subditorum
1095 4038 1371 4137 yiribus
1429 4038 1987 4143 preualentibus
2021 4089 2043 4119 .
2144 4035 2350 4112 idem

171 4142 593 4251 Stephanus
621 4165 827 4251 terga
855 4150 1077 4226 vertit
1112 4147 1302 4229 etin
1333 4145 1449 4225 sui
1481 4147 1713 4251 captis
1763 4147 2169 4224 tuicionem
2225 4167 2342 4221 ca·
2422 4240 2431 4249 ο
