2875 4842
720 516 875 586 372

1112 620 1136 652 0

607 719 1249 800 libatissomitatus
1284 735 1360 792 et
1394 715 1695 792 alterins
1734 714 1979 792 Status
2006 730 2099 790 ‚et
2143 715 2623 794 Conditionis
2656 717 2779 795 ho·

608 831 840 904 mines
881 826 1423 904 cohabitatores
1461 823 1870 926 antedictae
1912 824 2233 898 Civitatis
2270 826 2605 903 Nostrae
2642 827 2775 900 Po-

602 935 959 1011 soniensis
997 933 1137 1006 sibi
1178 933 1251 1004 in
1285 933 1428 1004 suis
1468 928 2043 1032 possessionibus
2075 947 2146 1003 et
2188 930 2508 1008 Juribus
2547 936 2619 1006 in
2662 932 2770 1005 di-

602 1058 729 1116 cto
765 1040 1136 1118 Comitatu
1181 1037 1603 1110 Posoniensi
1643 1040 1948 1109 existen.
1986 1033 2254 1111 damna
2294 1066 2455 1113 non
2498 1038 2766 1114 modica

602 1145 1060 1237 intulissent,
1120 1162 1195 1220 et
1231 1142 1510 1217 inferre
1573 1166 1723 1216 non
1774 1158 2183 1229 cessarent,
2248 1144 2326 1217 in
2394 1145 2764 1248 praelibati

602 1251 893 1331 Nicolai
938 1254 1235 1354 Berzete
1257 1247 1790 1350 praeiudicium
1823 1248 1990 1322 satis
2020 1248 2300 1350 ingens.
2325 1252 2557 1327 Unde
2592 1278 2763 1324 man·
2856 1257 2857 1274 ¹

600 1357 857 1436 damus
905 1355 1270 1433 Fideliiati
1310 1354 1621 1427 Vestrae
1659 1351 1972 1428 firmiter
2033 1374 2109 1429 et
2147 1355 2537 1450 districte,
2591 1380 2760 1456 qua·
2856 1435 2857 1462 χ

597 1480 814 1539 tenus
849 1490 1024 1540 mox
1063 1461 1385 1563 receptis
1424 1461 1970 1560 praesentibus,
2022 1459 2510 1540 dilationibus
2545 1477 2619 1539 et
2647 1488 2756 1539 oc·-
2854 1473 2857 1508 ¹

594 1571 930 1648 sionibus
987 1569 1336 1661 remotis,
1390 1590 1484 1641 ex
1549 1584 1761 1671 parte
1814 1569 2145 1644 omnium
2205 1587 2278 1643 et
2320 1569 2750 1673 singulorum

591 1676 1015 1769 Nobilium,
1068 1693 1143 1749 et
1173 1674 1469 1749 alterius
1499 1673 1746 1749 Status
1784 1689 1858 1747 et
1888 1672 2329 1750 conditionis
2367 1675 2745 1766 hominum,
2856 1695 2857 1730 1

595 1809 786 1886 quos
821 1780 1016 1857 idem
1068 1780 1421 1859 Nicolaus
1468 1781 1763 1853 Berzetc
1796 1779 1871 1853 in
1913 1780 2333 1882 praemissis
2375 1786 2625 1858 noxios
2658 1782 2743 1854 fo·
2854 1785 2857 1910 Ι

593 1915 680 1962 re
732 1887 1054 1966 evidenti
1098 1887 1525 1963 testimonio
1568 1887 1846 1987 poterit
1876 1912 2127 1963 coram
2157 1887 2404 1963 Vobis
2439 1915 2745 1989 compro-

590 1992 818 2085 bare,
872 1994 1111 2069 eidem
1158 1995 1523 2071 sufficiens
1562 1992 1762 2065 Juris
1802 2009 1876 2069 et
1937 1993 2320 2086 Justitiae,
2395 2020 2484 2070 ac
2534 1995 2742 2070 omui·-

590 2098 859 2176 modae
902 2097 1410 2176 satisfactionis
1454 2095 1864 2173 exhibeatis
1912 2100 2585 2204 complementum,
2641 2126 2740 2174 se-

593 2231 724 2281 cus
770 2233 919 2282 non
961 2205 1260 2296 facturi,
1319 2222 1739 2309 praesentes
1774 2223 2083 2298 autem,
2132 2207 2190 2281 si
2230 2234 2463 2284 secus
2505 2208 2732 2284 secvri·

594 2315 715 2404 tis,
760 2312 1081 2389 reddatis
1111 2313 1628 2415 praesentanti.
1665 2309 2314 2416 Datum·Zegedini
2354 2334 2613 2391 octavo
2638 2311 2729 2384 die

590 2418 762 2493 festi
826 2421 1156 2494 omnium
1200 2417 1668 2506 Sanctorum.
1742 2418 1966 2493 Anno
2032 2420 2335 2498 Domini
2378 2421 2724 2498 Millesiuio

595 2527 1128 2601 tercentesimo·
1158 2528 1629 2628 nonagesimo
1667 2539 1958 2628 quarto.
2016 2525 2103 2600 L.
2163 2524 2245 2601 S.
2634 2521 2649 2534 ’

678 2648 747 2709 la
776 2650 992 2709 charta
1022 2650 1491 2712 contaminavit
1525 2651 1720 2728 (ἦθος,
1753 2650 2189 2726 Gyarikovics.

1491 2809 1889 2888 CLXVIII.

598 2962 747 3015 Idam
787 2955 1082 3013 Nobilibus
1120 2956 1187 3011 do
1225 2953 1483 3010 Ζοσόωᾶ
1504 2953 1945 3025 prouceionalu
1982 2952 2276 3027 elargitur.
2330 2939 2413 3009 A,'
2439 2950 2587 3007 1394-

797 3063 956 3142 Nos
992 3062 1504 3166 sigismundus
1524 3059 1644 3136 dei
1669 3064 1909 3166 gracia
1947 3064 2112 3138 Rex
2144 3061 2519 3167 Hungarie
2548 3055 2719 3133 dalm.
2844 3133 2845 3144 χ

603 3173 851 3250 Croat.
887 3190 1029 3249 etc.
1062 3168 1551 3272 Marchioque
1592 3167 1860 3243 Brand.
1903 3187 2040 3244 etc.
2101 3197 2408 3246 memor.
2464 3189 2718 3241 comen·

573 3281 906 3369 flamus,
961 3275 1164 3382 quod
1208 3276 1586 3364 damianus
1626 3275 1815 3350 filius
1868 3273 2218 3379 Stephani
2277 3276 2373 3353 de
2429 3260 2717 3348 Zecheud

607 3386 1072 3463 Castriferrei
1111 3384 1371 3459 Cottus
1408 3408 1536 3457 sua
1590 3408 1675 3457 ac
1724 3385 2049 3484 magistri
2108 3384 2468 3484 Johannjs
2510 3372 2718 3452 eccles-
2840 3447 2841 3466 ἦ

610 3491 1070 3568 Castril'errei
1105 3481 1459 3566 Cano‘nici
1483 3488 1747 3563 Jacobi
1781 3506 1856 3563 et
1885 3487 2241 3593 Stephani
2277 3488 2565 3565 fratrum
2583 3502 2715 3553 suo·
2838 3557 2839 3560 ,

608 3625 774 3672 rum
810 3596 903 3674 de
942 3595 1197 3673 eadem
1235 3597 1307 3670 in
1348 3598 1678 3700 personis
1715 3594 1807 3669 ad
1847 3613 2094 3672 nostre
2144 3595 2528 3672 Maiestatis
2559 3605 2719 3661 acce·

606 3701 855 3781 dendo
903 3704 1343 3807 presentiam
1385 3699 1641 3794 humili
1677 3727 1863 3779 voce
1907 3700 2560 3807 nobissignificare
2606 3713 2715 3762 cu·

604 3811 803 3885 rauit
858 3808 1063 3911 quod
1121 3810 1454 3884 nonnulli
1517 3810 1916 3885 Tributarii
1963 3836 2093 3886 seu
2155 3812 2274 3886 alii
2313 3799 2716 3882 Theloniato·

589 3943 723 3992 res
786 3935 862 3991 et
916 3915 1035 3989 alii
1099 3915 1384 3991 nobiles
1449 3933 1524 3990 et
1585 3915 1942 4018 ignobiles
1995 3915 2326 3993 homines
2376 3907 2708 4018 plurrimos

601 4024 882 4101 molare
973 4019 1068 4094 ad
1158 4023 1487 4125 ipsorum
1577 4021 2088 4097 molendinum
2183 4029 2258 4100 in
2332 4022 2509 4097 dicta
2580 4008 2702 4081 Ze‘

597 4129 834 4206 chend
898 4154 1160 4202 eorum
1217 4127 1559 4203 videlicet
1616 4133 2072 4230 possessione
2130 4133 2235 4204 in·
2275 4126 2484 4206 fluvio
2532 4108 2695 4190 R⁸b⁸

594 4240 1073 4315 coustitutum
1113 4235 1367 4336 venire
1407 4235 1737 4313 volentes
1775 4253 1853 4313 et
1889 4235 2338 4316 confluentes
2376 4234 2446 4310 in
2490 4223 2698 4299 dives*
