2875 4842
2106 472 2260 554 413

1103 680 1461 760 exem·

170 829 511 906 Capitulum
543 828 820 902 Agn’mu
848 841 918 880 ax
944 826 1303 896 prasci-apto
1345 824 1501 897 regia
1529 821 1679 879 bona
1704 825 2063 901 fratricidae
2098 830 2264 902 pan·
2298 834 2369 886 ω

352 919 667 993 fratribus
704 916 981 971 interemti
1015 914 1242 970 statuit.
1278 914 1344 968 A.
1381 912 1546 969 1396.
1904 932 1924 959 ·.
2117 930 2147 961 .-

371 1030 1013 1107 Excellentissimo
1077 1027 1402 1131 Principi
1462 1026 1785 1103 Domino
1845 1028 2371 1137 eorum‘Sigi-
2482 1084 2487 1089 .
2592 1044 2599 1051 ·

169 1139 545 1230 smundo,
612 1138 744 1212 Dei
775 1136 1013 1241 ‚gratia
1058 1132 1329 1210 Illustri
1366 1136 1555 1235 Regi
1599 1130 2058 1237 Hungariae,
2132 1130 2370 1241 Capi·-

176 1247 428 1323 tulum‘
462 1242 839 1320 Ecclesiae
876 1242 1276 1346 Agriensis‚
1318 1241 1690 1316 orationes
1726 1246 1801 1317 in
1828 1244 2152 1322 Domino
2193 1264 2366 1323 cum

174 1370 556 1458 perpetua
593 1350 967 1425 fidelitate.
1022 1348 1307 1422 Litcras
1358 1348 1666 1429 Vestrae
1699 1348 2200 1428 Excellentiae
2234 1352 2369 1431 ho-

177 1484 412 1555 nore,
477 1485 636 1561 quo
678 1455 969 1545 decuit,
1024 1456 1433 1558 recepimus
1473 1460 1543 1528 in
1604 1454 1785 1533 haec
1844 1457 2107 1536 verba:
2177 1455 2369 1564 Sigi-

179 1564 551 1643 smundus
588 1564 696 1660 (vt
729 1557 983 1668 supra)
1024 1559 1180 1637 Nos
1216 1562 1439 1662 igitur
1474 1561 1827 1639 mandatis
1862 1568 2121 1643 vestris
2155 1568 2366 1643 satis·

183 1676 431 1749 facere
477 1673 911 1775 cupientes,
968 1685 1048 1743 vt
1082 1685 1459 1760 tenemur,
1514 1694 1683 1743 cum
1725 1672 2057 1774 praefato
2098 1668 2369 1749 Valen-

186 1780 343 1856 tino
380 1776 481 1854 de
510 1775 801 1882 Apagh,
836 1775 1135 1852 homine
1165 1773 1461 1868 vestre,
1505 1774 1907 1855 Dominum
1928 1778 2371 1877 Ladislaum,
2482 1840 2491 1849 .

185 1882 677 1962 Sacerdotem
717 1883 930 1962 chori
969 1881 1241 1971 nostri,
1297 1883 1818 1960 transmisimus
1856 1912 1998 1990 pro
2036 1887 2369 1964 testimo·

188 1995 314 2070 nio
351 1991 448 2069 ad
499 1991 899 2096 praemissa
936 1986 1417 2101 exequenda,
1452 1988 1584 2091 qui
1619 1988 1918 2068 demum
1955 1992 2049 2069 ad
2085 2018 2224 2071 nos
2260 2020 2370 2070 re·
2488 1996 2495 2005 ’

188 2101 385 2177 uersi
439 2098 664 2175 nobis
711 2096 1125 2175 retulerunt
1186 2095 1330 2171 isto
1381 2091 1630 2173 modo.
1717 2096 2371 2206 Quod'ipsi‘fcrin

190 2224 449 2307 quarta
502 2209 840 2310 proxima
877 2221 1044 2279 ante
1084 2203 1355 2279 festum
1402 2201 1621 2279 Beati
1670 2202 1977 2281 Joannis
2025 2205 2370 2307 Apostoli

192 2331 264 2388 et
301 2313 813 2416 Euangelistae
851 2327 1032 2386 ante·
1053 2326 1342 2412 portam
1379 2307 1673 2384 latinam
1702 2364 1724 2404 ‚
1777 2313 2118 2416 proxime
2154 2336 2370 2418 prae-
2464 2354 2469 2363 τ

196 2423 488 2496 teritum
518 2475 542 2513 ‚
599 2418 688 2493 ad
720 2418 944 2493 facies
989 2416 1417 2519 portionum
1454 2418 2238 2519 possessionariarum,
2291 2432 2369 2494 et

195 2527 483 2601 Jurium
533 2525 1322 2631 possessionarionum,
1394 2521 1707 2627 praefati
1761 2522 2160 2628 Stephani,
2239 2523 2370 2602 filii

199 2630 500 2708 Joannis
524 2649 558 2722 ,'
603 2630 1049 2722 fratricidae,
1104 2628 1337 2730 ipsum
1365 2631 1435 2703 in
1463 2627 1660 2704 dicta
1692 2631 2043 2709 Fancsika
2076 2653 2154 2711 et
2188 2658 2370 2737 pos-

199 2739 649 2814 sessionibus
690 2738 942 2829 Kezo,
990 2735 1341 2811 Verbficz
1366 2752 1440 2811 et
1477 2732 1645 2813 Dob
1683 2740 2000 2835 vocatis,
2051 2741 2129 2815 in
2164 2739 2369 2816 'dicto

201 2845 698 2921 Comitatu‘de
749 2842 1050 2949 Vgocha
1109 2840 1640 2943 existentibus,
1722 2841 2128 2947 habitarum
2178 2873 2370 2925 con·
2453 2886 2467 2935 1

206 2948 1186 3057 tingentium'accessissent‚
1239 2950 1365 3024 vbi
1399 2949 1573 3052 ipsis
1614 2950 1972 3029 vniucrsis
1999 2953 2260 3055 vicinis
2294 2970 2372 3031 et

205 3060 729 3136 commetaneis
765 3054 1186 3132 earumdem
1229 3058 1581 3133 vniucrsis
1616 3058 1800 3133 inibi
1830 3059 2152 3163 legitime
2191 3083 2369 3136 con·

210 3164 480 3244 uocatis
549 3186 622 3241 et
672 3165 944 3240 eisdem
997 3158 1538 3266 praesentibus,
1610 3165 1979 3268 praefatos
2040 3151 2409 3245 Βοτιιίιιί·ο

210 3297 402 3367 cum,
441 3294 518 3350 et
555 3270 743 3350 filios
775 3270 1101 3347 ciusdem
1139 3270 1215 3343 in
1245 3265 1649 3346 dominium
1672 3269 2165 3375 praefatarum
2202 3296 2372 3374 por7
2450 3263 2455 3271 ’

215 3379 493 3469 tionum
546 3376 1277 3484 possessionariarum
1340 3372 1688 3479 praedicti
1737 3370 2088 3485 Stephani
2129 3434 2174 3475 ‚·
2240 3370 2375 3453 filii

213 3482 508 3563 Joannis
543 3485 1001 3579 fratricidae,
1032 3480 1607 3581 introducentes,
1651 3483 1942 3561 easdem
1980 3484 2117 3560 sub
2156 3511 2373 3591 prae·-

215 3592 423 3667 misso
472 3621 708 3670 nouae
764 3592 1183 3668 donationis
1233 3591 1448 3665 titulo
1493 3593 1903 3691 statuissent
1940 3589 2377 3697 saepedictis

219 3695 606 3776 Dominico
647 3700 880 3793 Patri,
939 3724 1076 3774 nec
1113 3724 1261 3771 non
1299 3692 1597 3799 Moysi,
1645 3698 2029 3803 Georgii),
2082 3676 2375 3799 soann'i,

222 3798 586 3908 Stephano
620 3825 693 3907 et
724 3808 995 3881 Lazaro
1017 3860 1037 3895 ,
1093 3799 1437 3879 fratribus
1472 3802 1649 3879 dicti
1690 3796 2375 3903 -Aroti'interse'ct'i‚

225 3933 573 4014 perpetuo
635 3909 1114 4017 possidenda,
1190 3911 1484 3985 nemine
1546 3910 2089 4007 contradictore
2148 3920 2377 4017 appa·

226 4028 403 4093 rent.
463 4023 729 4096 Datum
772 4021 846 4094 in
874 4016 1065 4095 festo
1109 4017 1313 4092 Beati
1350 4015 1685 4094 stanislai
1721 4016 2097 4124 Martyris.
2154 4018 2381 4099 Anno

233 4118 516 4202 Domini
553 4124 974 4234 supradicto
1026 4118 1325 4226 (1396).
1383 4216 1388 4223 .
2342 4122 2357 4141 ⁴

314 4244 588 4315 Indidem.
