2875 4842
605 568 616 581 ,
730 503 893 575 484

625 715 1146 822 οειιτςιιίηἰῑειιίοο
1177 710 1391 794 titulo
1444 709 1748 793 deuolui
1795 710 2240 814 debuerant)
2279 734 2560 807 tamen,
2610 715 2745 819 quia
2828 730 2829 741 ¹

623 824 822 902 idem
867 820 1282 929 Stephanus
1317 818 1625 926 Urdugh
1656 823 1893 901 dictus
1916 879 1941 922 ,
1995 820 2185 900 filius
2222 822 2589 929 quondam
2620 826 2747 902 Sta·

619 930 839 1039 phani
876 928 972 1006 de
1011 922 1461 1033 iffi-odonia,
1497 931 1758 1031 iniquo
1798 928 2063 1007 ductus
2089 931 2403 1009 consilio
2441 957 2579 1006 vna
2612 956 2745 1007 cum

619 1039 806 1117 viris
839 1034 1144 1142 perfidis
1177 1033 1559 1140 Stephano
1597 1036 1753 1114 filio
1795 1036 2173 1140 quondam
2211 1039 2543 1143 Dyonisy
2581 1036 2744 1112 Wai·

615 1144 896 1240 uodae,
951 1168 1094 1221 nec
1122 1171 1274 1243 non
1322 1141 1617 1220 Andrea
1657 1142 1874 1221 Nicol
1899 1197 1923 1237 ,
1993 1143 2125 1248 fity
2160 1144 2407 1223 Laczk
2435 1145 2527 1221 de
2560 1140 2747 1219 chat-

612 1266 884 1355 tornya
912 1305 936 1346 ,
988 1251 1264 1330 nostris
1295 1266 1610 1353 notorys
1659 1249 2116 1347 infidelibus,
2187 1252 2265 1328 in
2325 1250 2746 1357 dispendium

607 1358 856 1438 throni
894 1356 1125 1436 nostri
1161 1354 1471 1462 regalis,
1524 1383 1921 1464 perperam
1971 1358 2376 1436 machinari
2416 1386 2559 1436 non
2611 1356 2743 1430 for-

604 1465 938 1548 midauit.
997 1463 1343 1566 Denique
1383 1489 1554 1541 cum
1595 1491 1732 1541 nos
1760 1466 1978 1556 alias,
2032 1483 2294 1571 vtputa
2332 1462 2741 1570 temporibus

606 1572 891 1651 dudum
928 1568 1354 1674 retrolapsis
1379 1625 1403 1662 ,
1462 1595 1605 1645 vna
1636 1597 1806 1648 cum
1846 1570 2229 1676 plerisque
2268 1574 2602 1663 prelatis,
2649 1568 2741 1645 ba-

604 1678 1032 1774 ronibus,ac
1051 1675 1491 1784 proceribus
1504 1679 1718 1781 regni
1734 1676 2261 1773 nostri‚contra
2286 1697 2571 1756 nostros
2585 1702 2738 1752 emu-

607 1785 770 1877 los,
826 1802 904 1862 et
937 1781 1282 1889 capitales
1317 1783 1653 1861 inimicos
1696 1802 1902 1861 extra
1946 1803 2022 1861 et
2052 1785 2238 1861 vltra
2278 1788 2615 1863 terminos
2643 1811 2734 1857 an-

612 1884 1066 1996 tefati'regni
1097 1889 1330 1969 nostri
1367 1889 1685 1993 profecti
1718 1889 2153 1989 fuissemus,
2193 1911 2269 1969 et
2307 1919 2485 1969 cum
2511 1888 2734 1967 eisdem

541 2082 544 2087 ,
606 1997 870 2074 Turcis
936 2016 1013 2074 et
1083 1994 1580 2085 scismaticis,
1661 1996 1928 2074 intra
1990 1999 2455 2076 ambitum
2501 1996 2733 2099 regni

608 2103 937 2181 nostri
977 2102 1360 2207 Bulgarie,
1416 2127 1555 2204 per
1597 2102 1897 2181 eosdem
1946 2105 2230 2180 Turcos
2270 2108 2347 2181 vi
2392 2099 2726 2208 occupati,

605 2209 867 2287 bellica
906 2214 1303 2287 certamina
1341 2209 1891 2312 aggrediendo,
1933 2208 2193 2313 ibique
2236 2208 2534 2310 fortuna
2566 2206 2731 2283 nobis

610 2335 1107 2413 nouercantc,
1162 2314 1465 2422 grandia
1497 2314 1917 2393 discrimina
1952 2347 2093 2422 pro
2133 2314 2650 2396 christianitate
2679 2328 2731 2388 et

606 2450 1012 2528 regnorum
1056 2443 1479 2502 nostrorum
1516 2422 1949 2501 defensione
1994 2426 2611 2516 sustinuissemus,
2637 2444 2730 2498 oc-

608 2518 815 2607 culto‘
865 2530 1007 2607 Dei
1065 2530 1338 2607 iudicio
1361 2532 1988 2633 permittente,—
2011 2534 2591 2639 penultimoque,
2624 2525 2727 2600 du·

612 2654 821 2712 ctore
865 2638 1025 2713 Xto
1063 2638 1369 2742 preuio,
1422 2636 1639 2712 nohis
1674 2664 1811 2743 per
1845 2636 2017 2715 freti
2060 2655 2136 2715 et
2184 2638 2427 2746 pelagi
2485 2655 2728 2740 ampnes

610 2768 867 2819 versus
898 2742 1186 2819 climata
1228 2768 1628 2844 regnorum
1666 2736 2227 2848 remigantibus,
2283 2748 2571 2823 interim
2606 2765 2728 2845 pre-

609 2850 876 2925 taxatis
912 2851 1091 2925 viris
1123 2847 1469 2954 perfidisa,
1523 2851 1866 2956 vtrisque
1922 2849 2305 2957 Stephano
2361 2871 2436 2928 et
2488 2850 2727 2925 Andrea

608 2955 961 3031 fratribus
1001 2955 1369 3056 ipsorum,
1410 2956 1611 3032 ldem
1648 2957 2039 3062 Sephanus
2075 2957 2387 3062 Vrdugh
2429 2956 2727 3034 adherens

610 3085 749 3161 nos
790 3089 957 3139 cum
990 3062 1295 3168 prefatis
1336 3063 1611 3140 nostris
1644 3056 2025 3157 fidelibus,
2081 3081 2344 3141 nostro
2388 3066 2586 3142 lateri
2634 3055 2728 3133 ad·

607 3164 1079 3268 herentibus,
1136 3164 1225 3246 ad
1265 3170 1493 3245 instar
1522 3168 1813 3261 subdoli
1849 3173 2217 3274 serpentis
2251 3170 2347 3247 de
2398 3171 2601 3248 dictis
2639 3188 2726 3240 re·

611 3276 773 3378 gnis
809 3279 1082 3352 nostris
1116 3274 1518 3353 excludere
1540 3332 1564 3373 ,
1619 3294 1694 3353 et
1734 3281 2229 3354 exterminare
2262 3274 2725 3355 machinaban-

614 3398 758 3459 tur.
852 3384 1038 3483 Nam¹
1095 3383 1292 3459 idem
1340 3401 1673 3485 vterque.
1715 3383 2174 3491 Stephanus,
2248 3386 2520 3490 quihus
2569 3380 2725 3457 idem

613 3484 1026 3593 Stephanus
1081 3486 1386 3591 Vrdugh
1450 3508 1611 3568 toto
1665 3517 1919 3596 posse,
1973 3508 2053 3568 vt
2086 3492 2500 3597 prefertur,
2554 3482 2724 3565 nobis

613 3595 690 3669 in
729 3587 1124 3699 naufragio'
1149 3597 1569 3700 periculoso
1608 3596 2112 3703 laborantibus
2138 3654 2159 3691 ,
2212 3594 2607 3676 huiusmodi
2638 3590 2725 3664 lit-

549 3732 556 3745 ·
614 3717 808 3777 teras
839 3701 933 3776 ab
968 3702 1306 3779 Ladislao
1339 3731 1517 3807 rege
1558 3702 1877 3809 Napulie
1900 3761 1924 3797 ,
1960 3720 2131 3779 nato
2170 3709 2482 3799 scilicet,
2534 3722 2724 3805 quon-

615 3804 785 3882 dam
823 3810 1086 3885 Karuli
1129 3815 1323 3916 regis
1369 3812 1885 3906 obtinuerant,
1949 3827 2031 3886 vt
2077 3810 2302 3912 ydem
2350 3814 2481 3891 viri
2511 3798 2724 3915 perfidi

620 3930 933 4019 vterque
968 3914 1382 4022 Stephanus
1407 3972 1428 4009 ‚
1460 3906 1921 3996 su'ccessores
1955 3919 2177 4024 ipsius
2213 3916 2499 4013 Lachk,
2534 3917 2598 3989 in
2625 3934 2722 3980 an·

622 4021 861 4098 tefatis
898 4026 1143 4125 regnis
1176 4020 1446 4101 nostris
1495 4025 1748 4126 vicary
1786 4024 2012 4130 ipsius
2063 4025 2375 4102 Ladislai
2423 4022 2596 4125 regis
2637 4036 2720 4087 ee·

523 4184 530 4192 -
616 4148 782 4206 sent
807 4131 1184 4235 generales
1204 4186 1226 4223 ,
1281 4148 1358 4209 et
1387 4134 1742 4236 precipnse
1768 4132 2137 4237 quidquid
2178 4135 2254 4208 in
2290 4132 2490 4210 dictis
2520 4118 2718 4225 regniss

614 4259 782 4313 cum
838 4227 1049 4342 regui
1112 4238 1371 4317 incolis
1432 4240 1702 4317 nostris
1740 4238 1891 4343 ip'si
1948 4240 2246 4345 Vtrique
2311 4234 2717 4345 stephanus,
