2875 4842
753 428 912 505 384

645 640 1005 719 dixissent
1039 680 1145 697 --
1177 664 1284 697 --·-
1315 677 1420 696 ·——
1463 676 1565 695 --
1607 675 1717 696 --
1757 677 1863 694 -—
1896 673 2011 706 .·—-
2041 674 2155 696 --
2181 640 2444 722 litteris
2498 645 2765 752 partim

648 773 880 822 onera
920 748 1330 824 eorundem
1364 748 1440 823 in
1480 772 1564 823 se
1595 746 2033 822 assumendo
2078 769 2618 853 proponentes,
2664 780 2765 857 per
2834 789 2835 802 ¹

648 853 1202 931 ordinacionem
1244 874 1323 933 et
1368 852 1980 957 compositionem
2025 856 2161 930 viri
2220 857 2587 961 Magnifiei
2635 864 2761 935 Do·
2834 861 2835 876 ¹

499 993 522 1004 ·
645 961 827 1035 mini
882 962 1251 1038 Francisci
1300 961 1639 1036 similiter
1675 958 1982 1035 Bubekh
2020 961 2197 1036 Bani
2238 1006 2343 1020 --
2380 1007 2486 1020 -
2524 1005 2620 1021 -
2651 964 2761 1042 fra·

646 1066 783 1141 tris
836 1070 1068 1143 nostri
1098 1109 1204 1124 ·-—
1240 1106 1351 1128 -
1389 1105 1502 1128 —·-
1542 1093 1630 1142 ac
1676 1064 1991 1145 aliorum
2046 1094 2267 1170 quam
2328 1069 2762 1173 plurimorum

641 1171 1054 1277 proborum
1115 1193 1194 1250 et
1245 1171 1608 1249 nobilium
1665 1175 1988 1248 virorum
2047 1175 2126 1247 in
2193 1176 2394 1255 facto
2454 1178 2758 1252 dictarum

639 1297 1004 1358 metarum
1042 1281 1589 1384 possessionum
1619 1278 2115 1385 predictarum
2149 1284 2194 1356 J
2193 1284 2396 1384 ynke
2436 1271 2760 1360 etszirnn

640 1386 1172 1489 appellaturum
1209 1387 1454 1464 taliter
1486 1385 2095 1480 concordassent,
2146 1406 2235 1464 et.
2260 1389 2553 1465 easdem
2583 1391 2755 1495 signis

637 1492 1031 1569 metalibus
1071 1490 1215 1570 hoc
1248 1493 1475 1568 modo
1499 1493 2095 1597 consignassent:
2150 1497 2377 1586 Quod
2408 1504 2623 1602 prima
2646 1524 2757 1572 me·

641 1617 712 1675 ta
747 1600 1010 1701 incipit
1040 1627 1081 1673 a
1129 1619 1338 1701 parte
1391 1597 1832 1675 occidentali
1890 1603 2086 1676 inter
2138 1601 2444 1680 fluvium
2494 1606 2691 1678 Zinva
2722 1630 2751 1675 a

642 1707 959 1810 quadam
988 1725 1188 1783 meta
1232 1726 1472 1782 terrea
1510 1707 1851 1809 antiqua.
1906 1707 2083 1783 inde
2128 1708 2415 1789 directe
2465 1710 2640 1788 vadit
2679 1705 2749 1784 ad

638 1817 1042 1909 orientem,
1122 1812 1217 1889 ad
1273 1839 1494 1889 unam
1547 1830 1821 1894 metam
1864 1828 2179 1890 terream
2242 1820 2637 1921 antiquam,
2677 1812 2748 1890 ab

637 1915 810 1995 hinc
851 1945 1108 1996 versus
1161 1920 1472 1997 eandem
1520 1917 1802 2024 plagam
1866 1920 2116 1998 eundo
2171 1927 2431 2000 transit
2484 1924 2569 1998 ad
2610 1921 2745 1996 duas

633 2042 868 2101 metas
930 2027 1268 2129 antiquas
1309 2024 1580 2100 abinde
1628 2043 1842 2102 recto
1894 2028 2185 2104 tramite
2237 2028 2532 2122 eundo,
2597 2026 2746 2104 vadit

635 2129 729 2207 ad
765 2159 985 2209 unam
1024 2150 1293 2208 metam
1334 2134 1750 2235 antiquam,
1804 2132 2151 2210 videlicet
2195 2135 2559 2241 quandam
2597 2136 2743 2211 viam
2834 2213 2835 2218 ,

633 2237 1062 2325 herbosam,
1144 2237 1238 2315 de
1295 2240 1495 2315 dicta
1550 2239 1717 2314 villa
1772 2236 2056 2316 Szirma
2119 2242 2211 2317 ad
2267 2244 2743 2347 possessionen

634 2341 756 2420 Oh
811 2344 1075 2422 Solcza
1116 2343 1452 2425 vocatam
1510 2343 2093 2422 transducentem
2138 2387 2250 2406 -
2286 2390 2397 2406 —-
2435 2391 2531 2406 —-
2559 2341 2737 2418 —de
2834 2369 2835 2372 ’

471 2463 516 2564 Ἰ
567 2497 580 2503 ·
635 2479 785 2577 qna
827 2479 968 2556 per
1007 2456 1236 2558 ipsam
1285 2455 1478 2528 viam
1525 2452 2003 2529 consimiliter
2048 2452 2458 2532 ad-dietam
2507 2453 2735 2570 plagunt

631 2555 1059 2635 orientalem
1097 2558 1297 2635 vadit
1334 2558 1426 2634 ad
1470 2579 1737 2636 terram
1794 2561 2168 2663 Zuccazeg
2216 2581 2585 2649 vocat-m,
2644 2555 2733 2630 ubi

632 2692 728 2740 ex
767 2682 1081 2769 utraque
1119 2684 1332 2769 parte
1383 2667 1612 2770 ipsiu·
1658 2667 1775 2738 vie
1820 2663 1969 2741 duo
2000 2671 2205 2771 signa
2262 2669 2542 2748 metalia
2579 2663 2735 2740 fecis·

628 2787 825 2858 sent,
898 2772 993 2845 ab
1051 2769 1218 2845 binc
1252 2768 1624 2847 ‘derelicta
1658 2771 1812 2875 ipsa
1848 2773 1964 2848 via
1994 2776 2085 2849 ad
2129 2794 2416 2879 partem
2462 2776 2729 2850 dextram

481 2889 486 2892 ’
625 2879 828 2952 vadit
873 2877 1354 2956 consimiliter
1389 2877 1487 2953 ad
1516 2878 1671 2954 duo
1720 2880 1923 2981 signa
1978 2884 2270 2958 metalia
2299 2936 2323 2969 ,
2392 2876 2629 2959 deinde
2663 2871 2729 2948 ad
2834 2901 2835 2950 ς

627 2982 900 3061 dictam
935 2983 1228 3088 plagam
1288 2986 1725 3064 orientalem
1772 3009 2035 3085 parum
2095 2990 2394 3085 condo,
2444 2985 2625 3065 vadit
2664 2970 2730 3053 ad

625 3090 870 3167 lacum
928 3092 1277 3195 Pobragy
1336 3109 1673 3170 vocatum
1731 3091 2211 3172 consimiliter
2254 3097 2351 3171 ad
2396 3079 2727 3186 duo'sign·

549 3225 560 3237 ⁸
624 3200 916 3273 metalia
958 3199 1032 3272 in
1073 3199 1300 3274 latere
1359 3198 1694 3275 eiusdem
1742 3199 1940 3276 lacus
1990 3203 2420 3296 existentia,
2473 3200 2559 3276 ab
2596 3195 2726 3269 hine
2834 3281 2835 3288 ἵ

622 3325 852 3399 vero,
908 3303 1070 3381 lacu
1113 3307 1603 3408 pertransito,
1657 3303 1857 3379 vadit
1900 3306 1994 3381 ad
2039 3307 2502 3386 Teke-teleke
2539 3297 2727 3379 simili·
2834 3303 2835 3386 ξ

415 3471 424 3480 .
491 3427 496 3432 “
577 3445 584 3458 ¹
623 3426 742 3487 ter
775 3411 868 3486 ad
904 3412 1053 3488 duo
1101 3416 1303 3516 signa
1347 3413 1679 3497 metalia.
1734 3411 1909 3488 inde
1944 3413 2227 3492 directe
2281 3416 2373 3492 ad
2425 3413 2726 3490 orientem

464 3569 472 3579 -
622 3519 820 3594 cadit
848 3519 943 3593 ad
977 3518 1284 3595 fluvium
1346 3517 1551 3621 Sayo
1595 3521 2095 3615 nominatum,
2151 3523 2411 3627 ibique
2451 3513 2724 3597 termim-
2834 3569 2835 3576 κ

619 3640 922 3699 rentur:
993 3627 1080 3699 In
1140 3628 1349 3703 cuius
1408 3627 1521 3701 rei
1560 3626 2053 3704 testimonium
2107 3647 2479 3733 presentes
2528 3622 2724 3697 litem

617 3743 913 3804 nostras
954 3749 1283 3835 patentes
1335 3731 1425 3807 ad
1483 3734 1933 3837 peticionem
1983 3733 2355 3811 dictorum
2407 3725 2723 3809 Nobilium
2834 3725 2835 3804 Ϊ

618 3834 715 3909 de
750 3836 940 3910 dicta
982 3834 1263 3913 Szirma
1299 3837 1575 3915 eisdem
1602 3838 1949 3916 duximus
1982 3839 2523 3929 concedendas,
2567 3847 2722 3905 com·
2834 3839 2835 3842 ’

616 3941 827 4016 muni
868 3943 916 4015 J
922 3946 1153 4018 ustitia
1189 3945 1562 4029 evadente.
1620 3945 1885 4021 Datum
1922 3947 1997 4022 in
2032 3949 2359 4049 Edeleny
2398 3942 2588 4020 tertia
2626 3929 2718 4004 die
2834 3949 2835 3964 ¹

618 4049 1191 4152 compositionis
1251 4070 1662 4156 prenotate.
1755 4052 1973 4131 Anno
2029 4054 2325 4132 Domini
2380 4044 2713 4125 millesimo

616 4153 975 4233 OCCXCI
984 4153 1077 4233 V.
