2875 4842
685 450 793 521 80.

575 648 789 753 illum
816 648 1025 731 domi
1061 626 1369 756 quoque
1407 667 1699 727 nostrae
1739 652 2095 756 adoptare
2119 650 2414 755 placuit.
2473 644 2758 729 Munus

580 760 763 853 hoc,
818 785 988 837 cum
1018 756 1385 862 stipendio
1422 756 2008 851 contribuendo,
2063 754 2760 833 innon—nobiles

581 886 699 947 est
743 866 1193 943 deuolutum.
1270 867 1596 941 Decreto
1627 867 1801 939 anni
1845 871 2072 939 1715.
2108 882 2241 940 art.
2281 868 2408 939 23.
2445 862 2531 953 In
2572 862 2762 937 Cro·
2849 884 2854 903 ⁴

581 977 807 1073 atiae,
883 971 1278 1071 ‚Slauoniae
1330 998 1416 1047 ac
1470 971 2014 1047 Transiluaniae
2073 970 2337 1046 finibus
2393 964 2765 1075 quaedam

581 1096 919 1159 veterum
960 1080 1446 1157 castrensium
1488 1080 1772 1183 speeies
1807 1094 2110 1156 reuecta
2134 1132 2156 1173 ,
2215 1104 2407 1179 quae
2447 1070 2763 1151 confini·
2856 1156 2858 1169 ⁴

580 1189 909 1281 ariorum
954 1188 1255 1261 nomine
1312 1185 1538 1261 venit.
1635 1186 1813 1261 Eam
1858 1203 2106 1260 tamen
2155 1185 2464 1287 gloriam
2509 1180 2767 1257 Status

578 1289 867 1369 nobiles
935 1289 1078 1367 sibi
1142 1309 1668 1385 reseruatam,.
1712 1291 2182 1396 publicisque
2255 1287 2767 1385 sanctionibus

581 1398 941 1501 firmatam
988 1397 1423 1491 voluerunt,
1479 1417 1600 1493 vt,
1654 1399 1719 1475 si
1749 1398 1976 1474 hostis
2018 1399 2096 1471 in
2130 1421 2448 1500 regnum
2491 1396 2767 1470 irrum-

582 1520 840 1610 peret,
896 1530 1145 1608 neque
1174 1500 1576 1582 'ordinariis
1610 1503 1891 1585 viribus
1925 1504 2094 1580 eiici
2132 1521 2420 1608 posset,
2455 1501 2768 1595 viritim,

583 1636 763 1691 cum
808 1613 1189 1716 gentibus,
1260 1639 1470 1687 arma
1519 1639 1822 1714 capere,
1891 1612 2194 1689 suismet
2232 1608 2602 1687 sumtibus
2657 1648 2765 1663 -

583 1735 999 1809 teneantur.
1092 1716 1321 1809 Quod
1363 1714 1501 1793 sub
1544 1715 1766 1797 initiis
1810 1719 2020 1820 regni
2066 1717 2440 1819 Augustae
2477 1714 2766 1791 Mariae

582 1820 975 1911 Theresiae
996 1878 1021 1921 ,
1070 1823 1168 1899 ab
1201 1822 1532 1903 hostibus
1575 1822 1905 1926 vndique
1958 1824 2512 1911 circumuentae
2531 1877 2554 1917 ,
2607 1822 2772 1926 glo-

582 1932 785 2027 riose
830 1930 1348 2034 praestiterant
1396 1955 1729 2033 quoque.
1785 1929 2043 2006 Altera
2090 1946 2263 2033 post
2301 1954 2533 2007 annos
2579 1956 2771 2031 qua·

583 2036 918 2141 draginta
984 2035 1461 2129 insurrectio,
1549 2034 1777 2113 Gallis
1829 2062 2141 2141 regnum
2197 2033 2727 2115 inuadentibus
2747 2089 2773 2129 ,

585 2142 781 2220 iusto
828 2144 1057 2218 serius
1116 2157 1603 2246 congregata,
1659 2168 1803 2219 uec
1854 2145 2072 2219 armis
2116 2168 2447 2246 congrue
2485 2144 2771 2218 instru-

584 2264 748 2342 cta,
799 2273 940 2324 nec
991 2247 1344 2323 exercitio
1390 2246 1779 2339 roborata,
1845 2249 2122 2324 minori
2173 2249 2384 2324 cessit
2439 2248 2771 2349 gloriae3

583 2352 1062 2459 debitamque
1102 2356 1343 2455 poscit
1373 2354 2001 2431 reformationemss
2078 2354 2602 2430 praestationes
2645 2378 2777 2429 co-

556 2461 934 2540 ‘lonorum
972 2465 1243 2566 pietate
1275 2460 1377 2536 M.
1420 2458 1815 2538 Theresiae
1841 2518 1862 2558 ,
1915 2462 2287 2539 Francisci
2327 2458 2418 2535 11.
2456 2485 2540 2534 ac
2589 2458 2777 2536 Fer·

586 2562 888 2645 dinandi
931 2571 1168 2671 quinti
1202 2569 1713 2672 Augustorum
1753 2569 2148 2672 regulatae.
2206 2568 2311 2642 Vt
2347 2584 2423 2643 et
2465 2564 2775 2672 Hunga·

585 2699 849 2750 rorum
891 2674 1265 2773 ingenium
1306 2675 1821 2768 scientiarum,-
1882 2677 2192 2769 artium,
2245 2700 2336 2748 ac
2384 2673 2776 2773 religionis

490 2852 495 2855 ,
588 2780 794 2855 cultu
834 2782 1206 2873 mitescat,
1263 2780 1838 2882 alienigenarum
1869 2807 2051 2855 vero
2093 2778 2484 2854 aemulatio
2514 2780 2779 2882 legum

586 2883 1090 2959 moderamine
1135 2901 1618 2988 temperetur,
1643 2887 2199 2964 necessitatibus
2220 2878 2534 2992 puhlicis
2569 2910 2784 2963 com·

587 2989 935 3066 munibus
978 2989 1323 3073 subsidiis
1365 2997 1751 3096 prouisum
1790 2996 1926 3094 sit,
1978 2991 2452 3100 precandum.

779 3174 947 3250 Jam
1008 3171 1103 3249 ad
1153 3174 1690 3251 vicissitudines
1739 3178 1954 3280 regni
2022 3176 2118 3252 ab
2179 3154 2376 3252 anno
2448 3148 2778 3248 1582-

597 3287 826 3359 1437.
886 3281 1101 3355 nouis
1156 3279 1624 3357 documentis
1696 3282 2161 3358 illustrandas
2209 3280 2781 3360 ‘conuertimun

589 3386 863 3501 [festini
906 3392 1024 3461 14.
1066 3384 1270 3461 Junii
1316 3391 1544 3461 1841.

2262 3466 2748 3576 Αΰοτοιι’

782 3759 1170 3823 arbitrarius:
1214 3762 1288 3823 ad
1333 3756 1623 3823 inuidiam
1658 3756 2054 3823 destinandam
2103 3765 2282 3823 vetus
2327 3758 2403 3823 do
2440 3776 2795 3839 argumen-

779 3847 947 3905 tum:
995 3844 1338 3921 „Nicolaus
1372 3849 1455 3910 K.
1488 3863 1629 3906 cum
1666 3849 2061 3909 caseatorum
2092 3842 2609 3927 (Kesmarkinum)
2654 3863 2794 3908 non

779 3931 849 3987 vt
894 3931 1214 4003 inimicus,
1260 3932 1369 3992 sed
1407 3934 1643 3991 amicus
1682 3934 2071 3992 intromissus
2112 3935 2318 4003 esset‘3
2367 3946 2574 3991 omnes
2615 3934 2797 3994 alios

780 4018 1081 4075 ——terrae
1121 4014 1556 4090 Scepusiensis
1588 4023 1890 4087 exemtus,
1936 4018 2060 4076 late
2098 4016 2194 4076 est
2234 4015 2667 4094 depopulatus,
2724 4023 2797 4077 et

786 4099 1049 4176 insignis
1092 4098 1317 4178 praedo
1362 4100 1548 4159 huius
1591 4102 1918 4176 territorii,
1963 4100 2060 4179 aul,
2093 4105 2275 4161 vota
2320 4097 2630 4165 taxauin‘t
2679 4101 2790 4163 Ex

782 4186 1130 4249 authentico
1170 4187 1312 4246 anni
1346 4183 1532 4251 1533.
