2875 4842
2189 463 2288 532 27

407 665 517 765 3).
566 669 981 747 Barones
1049 666 1335 771 regni
1400 663 1968 747 handeriati
2024 695 2404 776 peraeque

197 776 734 887 possessiones,
789 777 938 852 suis
976 771 1413 855 muneribus
1459 772 1950 873 inhaerentes,
2003 781 2079 853 in
2122 779 2398 882 stipen-

202 888 412 964 dium
464 899 858 960 tenuerant
911 899 1205 986 praeter
1264 883 1564 959 tertiam
1623 900 1914 985 partem
1969 881 2395 961 reddituum

206 991 748 1085 Castrensium,
824 1017 1048 1095 quam
1101 1014 1415 1064 munere
1486 988 1861 1065 Comitum
1927 995 2127 1067 nacti
2185 1009 2392 1067 sunt:

207 1099 305 1178 de
350 1095 695 1174 Palatinis
746 1123 919 1174 sane
969 1098 1355 1172 nouimus:
1410 1095 1637 1188 „Rex
1672 1096 2156 1191 colomanus,
2210 1097 2398 1175 filiu·

202 1207 538 1308 Geysae·,
581 1204 1016 1279 Palatino
1047 1228 1213 1304 reg
1237 1204 1329 1277 ni
1368 1201 1518 1276 sui
1561 1205 1693 1305 qui
1736 1231 1878 1307 pro
1924 1206 2227 1281 vtilitate
2253 1204 2401 1279 No·
2443 1280 2448 1289 ,

198 1312 473 1391 bilium
517 1309 983 1413 praeficitur,
1036 1335 1210 1386 suos
1261 1306 1729 1407 Vduarnicos
1779 1313 1885 1387 vti
1928 1309 2210 1388 dedit.“
2266 1308 2398 1386 Si-

201 1444 395 1496 mon
436 1413 527 1491 de
554 1417 762 1493 Keza
795 1417 842 1490 1.
882 1442 950 1492 e.
982 1443 1058 1520 p.
1104 1422 1231 1492 90.
1288 1414 1497 1492 Idem
1534 1418 1987 1493 censendum
2026 1417 2121 1494 de
2154 1416 2396 1512 Banis,

210 1552 307 1603 nc
344 1522 677 1601 Vaiuoda
706 1522 1258 1599 Transiluaniae
1292 1550 1434 1627 pro
1473 1524 1784 1626 paritate
1816 1527 2072 1621 officii3
2131 1525 2225 1602 de
2245 1524 2396 1600 Ma-

207 1636 448 1740 gistro
482 1647 733 1708 autem
767 1633 1353 1707 Tauernicorum
1392 1647 1472 1706 et
1505 1628 1697 1723 aliis,
1754 1627 2019 1707 confer
2057 1634 2398 1708 testimo·

207 1742 421 1817 nium
456 1736 765 1841 Rogerii
798 1761 1016 1841 saepe
1048 1735 1424 1813 laudatum
1463 1733 1645 1839 Cap.
1670 1738 1769 1811 X.
1830 1737 2277 1817 wladislaus
2302 1740 2393 1818 R.

209 1847 308 1922 fl.
350 1844 1034 1947 possessiones
1087 1840 1535 1943 Solymos
1575 1842 1983 1947 Beregzow
2010 1901 2034 1941 ,
2089 1847 2396 1947 Nyava·

206 1950 322 2029 las
361 1969 440 2028 et
474 1952 811 2053 Buryan‚
861 1952 940 2026 in
986 1950 1362 2025 Comitatu
1413 1950 1780 2050 Hunyad,
1837 1978 2028 2054 quae
2070 1953 2247 2028 alias
2292 1949 2401 2025 ad

213 2055 679 2134 officium
749 2054 1345 2135 Vaiuodatus
1407 2056 2165 2135 Transiluaniae
2219 2083 2397 2163 spe-

211 2165 560 2259 ctabant,
626 2191 770 2271 pro
838 2181 1166 2268 vtroque
1232 2162 1569 2257 Joanne,
1635 2161 1686 2240 fi
1710 2162 1871 2241 liis
1937 2165 2214 2268 Voyk
2280 2164 2328 2261 d
2355 2191 2400 2240 e

212 2271 662 2372 Bunyad,
719 2271 931 2348 Banis
982 2268 1535 2348 Zewriensibus
1582 2267 1910 2349 donauit.
1972 2272 2059 2350 A.
2104 2271 2395 2349 MCCC.

212 2377 379 2453 XL.
415 2377 505 2454 V.
541 2377 729 2453 Cod.
1467 2436 1474 2443 .

409 2483 518 2582 4).
580 2485 647 2560 D
664 2512 719 2586 y
739 2514 784 2558 n
809 2513 851 2559 a
872 2511 906 2560 s
929 2502 1012 2560 ta
1031 2510 1118 2579 e,
1170 2482 1450 2589 amplas
1486 2486 1686 2560 nacti
1727 2487 2263 2588 possessiones:
2319 2483 2398 2558 in

213 2590 665 2695 stipendium
716 2591 1197 2668 obtinuerant
1235 2606 1574 2690 quartam
1615 2610 1904 2691 partem
1953 2595 2399 2668 marturina-

212 2724 381 2774 rum
408 2730 431 2773 ε
481 2697 690 2793 „Pro
729 2699 1031 2802 singulis
1067 2696 1495 2776 Marturinis
1535 2715 1859 2802 quatuor
1888 2699 2222 2803 pondera
2255 2699 2398 2776 sol·

212 2823 529 2903 uantur3
586 2822 1243 2910 quantumcunque
1282 2805 1361 2880 in
1418 2832 1506 2880 ea
1562 2809 2040 2910 prouenerit,
2099 2825 2188 2883 te
2210 2806 2397 2882 rtia

726 2909 746 2929 ⁹
830 2928 839 2937 ·
1189 2913 1205 2928 ”
1754 2912 1804 2953 ‘6

206 2938 322 3094 ξς
324 2937 450 3094 {1⁸
491 2909 2398 3101 ‹aig-mgg.oAffotdgsgdrgtiffiigidugliamAggfdgtsaeAd

207 3124 517 3233 populis
552 3126 744 3205 suis:
797 3128 1019 3202 Decr.
1059 3127 1118 3200 1.
1162 3123 1328 3204 Col.
1376 3149 1535 3228 cap.
1583 3130 1709 3201 70.

411 3232 517 3333 5).
574 3230 1015 3311 Praela'ti
1064 3229 1545 3309 handeria
1569 3232 1683 3327 ti,
1737 3230 1817 3308 hi
1851 3258 2003 3308 non
2044 3227 2397 3309 absimili-

208 3362 332 3426 ter
375 3344 460 3421 in
504 3339 954 3444 stipendium
991 3339 1314 3445 populos
1365 3339 1862 3444 impetraan
1895 3338 2395 3443 praedialistat

212 3448 815 3558 cognominatos:
860 3447 1250 3542 ,‚Praelati,
1293 3444 1570 3548 quibus
1588 3448 1760 3523 Rex
1779 3446 2226 3527 colomanus
2253 3445 2397 3522 lar-

211 3563 401 3662 gitus
433 3572 594 3633 erat
629 3553 725 3630 de
775 3554 1088 3661 captiuis
1127 3557 1320 3630 suis“
1363 3550 1630 3630 Simon
1662 3553 1756 3630 de
1789 3554 2014 3629 Keza.
2050 3554 2207 3628 Hac
2243 3548 2395 3628 do·-

213 3669 509 3741 na‘tione
584 3659 942 3738 fundatur
1015 3662 1390 3765 primaeua
1466 3661 1969 3737 Praelatorum
2041 3658 2396 3745 banderia

212 3767 574 3850 statuendi
618 3768 971 3869 obligatio
995 3821 1018 3864 ,
1071 3792 1223 3842 non
1283 3768 1360 3842 in
1412 3765 1716 3844 decimis
1736 3795 1759 3864 3
1815 3795 2007 3873 quae
2068 3765 2399 3843 ecclesiis

214 3878 512 3956 fuerant
548 3868 990 3952 attributae:
1048 3872 1142 3949 V.
1180 3875 1399 3950 Decr.
1439 3870 1730 3951 Colom.
1763 3879 1824 3954 L
1867 3902 2033 3980 cap.
2072 3882 2199 3951 25.
2239 3872 2323 3969 ¹).

294 4091 362 4185 1)
409 4099 685 4162 censent
721 4096 979 4159 Nobiles
1019 4104 1359 4174 nostrates,
1395 4098 1672 4161 Maiores
1707 4062 1863 4161 suos
1889 4104 2090 4160 terra·
2130 4112 2171 4157 n
2190 4110 2280 4157 oa
2315 4097 2392 4156 in

397 4204 758 4264 militiae
791 4202 1325 4281 stipendium,
1374 4204 1485 4267 sed
1514 4202 1714 4264 dono
1750 4207 2179 4274 absolute.
2224 4202 2386 4263 obti-
