2875 4842
2025 520 2177 599 207

34 818 35 821 Ν
124 731 188 806 in
228 753 356 804 eos
388 722 906 805 devolutarum
944 720 1035 799 ad
1066 722 1562 830 prescriptum
1618 750 1933 829 quoque
1961 724 2284 804 literato·

122 841 293 913 rium
345 833 782 909 mandatum
834 830 1027 907 dicte
1082 833 1408 907 Domine
1459 850 1711 908 nostre
1781 832 2072 936 Regiae
2133 833 2277 934 ipsi

122 940 420 1031 Domine
475 940 737 1016 relicte
786 934 1077 1013 Tbome
1148 940 1504 1041 premisso
1557 938 1785 1016 modo
1838 955 2278 1015 statutarum
2317 944 2335 975 ”

122 1042 677 1135 Ιηυ·οάυεοηά.ἰ,“
725 1058 802 1120 et
871 1045 1032 1149 ipse
1088 1045 1362 1119 eisdem
1422 1043 1896 1143 restatuende
1938 1043 2100 1119 fore
2143 1073 2277 1152 ap·

119 1156 528 1256 paruissent.
608 1153 751 1228 Pro
788 1176 881 1227 eo
916 1148 1109 1226 idem
1148 1153 1511 1228 Dominus
1558 1153 1911 1229 Nicolaus
1943 1150 2274 1229 tle-Gara

121 1260 457 1351 Palatinus
497 1258 892 1336 amicitiam
922 1257 1566 1356 dicti=Conventus
1588 1259 2036 1335 Zaladiensis
2082 1256 2310 1336 litte-¹

124 1366 367 1444 ratorie
390 1354 780 1472 petivisset
797 1361 1207 1467 diligenter,
1231 1383 1587 1467 quatenus
1628 1368 1854 1471 ipsor.
1894 1367 2278 1445 mitterent

119 1473 465 1549 hominum
533 1499 670 1597 pro
718 1470 1139 1547 testimonio
1188 1470 1674 1573 fidedignum‚
1717 1498 1886 1579 ‚quo
1930 1492 2272 1573 presente

121 1576 310 1655 homo
371 1606 553 1656 suus
614 1578 1020 1654 palatinalis
1073 1578 1267 1654 infra
1319 1577 1798 1656 declarandus
1855 1579 1943 1655 ad
2001 1580 2271 1655 faciem

123 1686 281 1763 dicte
333 1686 819 1763 possessionis
867 1683 1214 1784 Zakachy
1277 1703 1533 1759 vocate
1589 1686 1892 1781 vicinis,
1949 1705 2027 1762 et
2069 1714 2271 1765 com·
2369 1706 2384 1719 ·

125 1796 442 1870 metaneis
495 1795 649 1869 suis
693 1791 1047 1867 universis
1093 1790 1278 1866 inibi
1328 1790 1651 1893 legitime
1699 1794 2130 1870 convocatis
2180 1819 2269 1869 ac

125 1897 558 2003 presentibus
608 1896 1033 1974 accedendo
1081 1897 1182 1973 ibi
1220 1902 1626 2002 preataota‘s
1670 1900 2051 2003 portiones
2093 1922 2270 2002 pos-

34 2034 35 2055 }
127 2008 570 2107 sessionarias
613 2002 1121 2109 predictorum
1158 2002 1473 2080 condam
1506 2001 2067 2093 filiorum‘l’auli
2111 2007 2262 2082 fra-

34 2172 37 2175 -
125 2127 285 2195 trum
324 2113 845 2217 predictorum
884 2111 1210 2211 Magistri
1257 2111 1478 2203 Petri,
1533 2110 1907 2206 Julianus,
1962 2133 2038 2190 et
2069 2110 2268 2191 Pauli

125 2216 775 2295 condivisionalium
815 2217 888 2291 in
926 2217 1120 2293 dicta
1158 2216 1501 2320 Zakachy
1540 2216 1817 2296 habitas
1871 2234 2265 2313 statueret,
2301 2302 2308 2309 ,

34 2368 37 2405 ;
125 2341 182 2400 et
211 2330 696 2402 committeret
745 2322 1023 2399 eisdem
1074 2328 1416 2426 magistro
1462 2326 1721 2414 Petro,
1777 2325 2138 2419 Johanni‚
2192 2345 2268 2402 et

34 2444 35 2505 ξ
123 2429 317 2508 Paulo
352 2432 524 2536 filys
562 2432 847 2533 Nicolai
872 2484 894 2523 ,
949 2457 1037 2506 ac
1070 2456 1331 2505 eorum
1376 2428 1771 2507 heredibus
1803 2458 1890 2506 ac
1940 2436 2264 2535 posteri-

34 2540 35 2621 Ϊ
124 2537 352 2614 tatibus
389 2538 750 2616 universis
792 2550 1157 2641 perpetuo
1208 2534 1687 2640 possidendas
1723 2539 2260 2616 contradictio-'-
2385 2530 2418 2553 '⁵

34 2736 35 2739 Ἴ
123 2669 198 2717 ne
252 2642 701 2751 prefatarum
773 2642 1133 2721 nobilium
1203 2643 1712 2740 dominarum,
1802 2664 1879 2721 et
1913 2644 2263 2722 ‚aliorum

34 2744 35 2765 ²
124 2751 625 2872 quorumlibet,
684 2748 1095 2855 quuodin
1142 2757 1288 2826 ta'm
1323 2749 1721 2857 longinqua
1753 2750 1895 2827 litis
1921 2753 2264 2830 ventilla-

126 2879 308 2935 etone
346 2859 595 2934 nullus
634 2857 863 2951 alter,
917 2875 1171 2959 preter
1218 2859 1406 2963 ipsas
1461 2856 1790 2935 dominas
1832 2858 2261 2938 intromise-

34 3034 35 3043 ,
126 2980 219 3041 rat
248 2991 322 3042 se
414 2990 713 3057 causam
764 2965 837 3037 in
886 2963 1196 3040 eandem
1258 2962 1549 3039 obviari
1591 2992 1739 3040 non
1793 2963 2101 3043 valente.
2175 2964 2270 3044 Et

128 3069 391 3169 posthec
459 3072 691 3176 ipsius
751 3068 1323 3146 Possessionarie
1380 3075 1792 3149 statutionis
1852 3075 2117 3148 seriem
2171 3075 2262 3148 ad
2324 3104 2342 3126 ⁸

34 3232 35 3237 η
128 3195 386 3252 octavas
423 3177 597 3253 festi
635 3176 829 3252 beati
847 3177 1146 3282 Georgy
1171 3178 1515 3278 Martyris
1546 3194 1725 3253 tunc
1760 3180 2086 3254 venturis
2120 3178 2262 3283 ipsi

34 3288 35 3291 ’
126 3278 419 3360 Palatino
458 3285 931 3360 nominaliter
953 3283 1399 3359 rescriberet
1415 3282 1843 3359 Conventus
1864 3281 2261 3360 Zaladien-

34 3394 35 3409 ¹
127 3386 201 3460 sis
237 3389 709 3496 supradictus.
782 3392 872 3465 ln
916 3388 1189 3493 quibus
1229 3394 1449 3466 etiam
1503 3391 1780 3485 octaris
1823 3390 2020 3465 idem
2069 3389 2263 3468 Pala·

34 3528 37 3539 >
132 3493 285 3571 tinus
319 3511 477 3573 tum
533 3496 626 3574 de
667 3523 760 3573 eo
789 3553 811 3591 ‚
868 3495 1075 3596 quod
1121 3494 1378 3572 eedem
1422 3499 1740 3572 Domine
1785 3497 1964 3571 Jura
2008 3524 2261 3576 earum

131 3602 447 3700 quartalia
490 3622 1022 3708 persequentes
1057 3599 1149 3677 ad
1199 3603 1698 3710 recipiendam
1731 3602 2262 3682 discussionem

132 3712 613 3803 premissorum
668 3736 808 3787 nec
862 3724 1166 3785 evocate
1218 3738 1355 3787 nec
1408 3712 1483 3783 in
1535 3708 1768 3785 tribus
1816 3706 1997 3788 foris
2047 3739 2263 3790 com·-
2351 3772 2360 3781 ,

133 3803 659 3908 provincialibus
701 3819 955 3906 venire
1010 3832 1431 3907 curassent,
1488 3833 1644 3891 tum
1698 3818 1920 3893 etiam
1967 3816 2060 3893 de
2117 3846 2259 3910 eo,
2331 3829 2348 3847 ⁵

137 3920 299 4012 quod
354 3942 694 4000 annotata
745 3923 1066 3999 Domina
1120 3920 1380 4005 'relicta
1416 3918 1698 3996 Thome
1744 3921 1836 3999 de
1893 3920 2119 3998 Sau‘ul
2182 3952 2266 4000 se

137 4013 248 4096 litis
275 4027 703 4105 intermedio
753 4031 1067 4105 Domine
1122 4046 1369 4105 nostre
1417 4030 1701 4133 Regine
1747 4032 2032 4119 sinistre
2086 4057 2262 4107 con-

139 4134 474 4245 querendo
517 4139 590 4211 in
635 4136 1038 4214 dominium
1084 4133 1451 4213 dictarum
1491 4137 1919 4241 portionum
1960 4140 2248 4241 posses-

140 4241 568 4322 slonariarum
616 4244 980 4322 introduci
1011 4239 1339 4342 fecisset,
1393 4241 1837 4326 deliberaret
1874 4243 1922 4319 J
1927 4267 2059 4322 ure
2095 4241 2260 4347 exi-v
