2875 4842
645 468 797 538 126

537 691 809 766 staur,
862 673 1092 747 sanus
1158 665 1436 760 Bosa-r,
1489 662 1861 742 Jeclinum
1927 663 2226 771 Ham-y,
2279 667 2550 770 Jensut
2606 671 2741 747 Fe·

540 780 701 876 rut,
752 776 1116 856 Jacobum
1169 773 1400 850 filium
1459 766 1703 866 Goth,
1775 773 1993 850 Jekul
2045 776 2406 870 samber,
2477 773 2740 878 Nykut

542 884 925 979 Marthaf,‘
968 886 1406 988 Gospurgar
1427 934 1453 969 ,
1494 878 1865 955 Jacobum
1911 881 2142 956 filium
2178 881 2508 958 eiusdem
2535 935 2556 977 ,
2615 886 2738 958 Ja-

541 1023 675 1073 nus
724 994 916 1069 Pran
958 990 1263 1066 fratrem
1301 986 1763 1086 waltrat-ny,
1822 986 2057 1064 Petur
2092 990 2185 1063 de
2242 991 2403 1065 Lou
2457 990 2741 1067 Menth-

537 1098 807 1191 bavar‚
861 1096 1260 1189 Linharth,
1310 1091 1746 1190 Sentelleu‚
1802 1095 2070 1169 Jankul
2113 1095 2411 1173 Petrum
2461 1115 2535 1172 et
2575 1096 2741 1172 Ste-

540 1210 861 1315 phanum
898 1203 1087 1279 filios
1126 1205 1382 1278 Rimr
1420 1199 1514 1274 de
1535 1198 1893 1295 Samaria,
1924 1202 2339 1277 Henricum
2379 1206 2511 1278 Ziz
2535 1205 2744 1281 Mer·
2861 1207 2862 1258 ¹

539 1317 643 1394 tul
702 1308 1302 1415 Kyruzkanopli‚
1359 1307 1825 1384 Clementem
1880 1309 2323 1405 Pellificem,
2383 1311 2734 1387 Wenen—

540 1421 795 1512 barth,
858 1421 1204 1511 Maurar,
1263 1413 1424 1491 Leb
1488 1413 1755 1508 Sutor,
1833 1414 2065 1491 Ulreb
2124 1445 2356 1520 gener
2415 1419 2740 1511 Petren,

542 1531 845 1605 Petrum
895 1543 973 1601 et
1018 1522 1484 1627 Stephanum
1523 1519 1732 1612 *filios
1785 1519 1980 1598 Petri
2041 1523 2221 1599 dicti
2277 1523 2737 1618 Galambus,

542 1636 841 1736 NykuS,
897 1630 1265 1723 Tbeusul,
1322 1625 1649 1704 Hentbul
1705 1628 2051 1704 Judicem
2105 1629 2197 1704 de
2249 1629 2444 1707 dicta
2484 1633 2738 1709 Weda

544 1741 745 1824 rich,
803 1740 1019 1816 Cives
1060 1737 1482 1842 praedictae
1532 1736 1864 1812 Civitatis
1908 1735 2366 1813 posoniensis
2429 1742 2504 1811 in
2543 1739 2741 1814 Cau-

541 1875 695 1925 sam
763 1860 1118 1921 attractos
1175 1856 1388 1949 parte
1442 1870 1538 1919 ex
1593 1842 1818 1919 altera
1888 1843 2444 1928 denotantibus,
2521 1848 2738 1923 iuxta
2863 1841 2864 1928 J

543 1956 1078 2031 continentiam
1112 1949 1561 2040 earundem,
1619 1975 1765 2023 nna
1820 1973 1987 2024 cum
2011 1952 2360 2053 Magistro
2389 1950 2737 2054 Symone

539 2061 856 2139 Notario
908 2055 1197 2134 Ju'dicis
1236 2059 1507 2134 Curiae
1555 2051 1864 2132 Vestrae
1901 2085 2036 2160 pro
2075 2055 2372 2137 homine
2417 2061 2736 2137 Vestrae

539 2167 943 2272 Reginalis'
976 2162 1456 2243 celsitudinis
1489 2183 1494 2190 ·
1524 2155 1878 2240 ambabus
1925 2164 2257 2268 partibus
2321 2168 2396 2242 in
2447 2167 2732 2244 eisdem

495 2277 966 2376 'conscripto
1027 2271 1453 2373 Magistrum
1506 2270 1896 2347 Nicolaum
1961 2269 2509 2350 Theutunicum
2583 2302 2735 2377 pro

538 2391 750 2488 parte
813 2376 1318 2486 praefatorum
1379 2380 1747 2454 Actorum
1806 2395 1880 2454 et
1932 2376 2363 2483 Magistrum
2409 2385 2735 2458 Blasium
2865 2429 2867 2446 ι

544 2491 928 2566 Decanum
952 2491 987 2578 ,’
1031 2485 1296 2562 Socios
1330 2503 1407 2560 et
1442 2485 2012 2562 Concanonicos
2041 2505 2349 2566 ‘nostros
2381 2517 2524 2593 pro
2565 2514 2735 2592 par-

540 2611 614 2671 te
669 2594 1312 2700 praetitulatorum
1382 2596 1670 2669 Civium
1730 2596 1803 2667 in
1868 2594 2179 2667 Causam
2236 2613 2732 2674 attractorum

540 2729 682 2806 pro
740 2702 1167 2800 testimonio
1225 2697 1314 2773 ad
1370 2700 1617 2773 omnia
1684 2724 1770 2774 ea
1830 2701 2310 2800 exequenda,
2393 2730 2588 2809 quae
2647 2706 2732 2779 in

537 2807 934 2915 praedictis
988 2803 1251 2882 litteris
1299 2805 1526 2909 ipsius
1580 2803 1911 2907 Magistri
1961 2809 2552 2887 Tavernicorum
2601 2838 2733 2886 se-

540 2918 757 2992 riose.
813 2912 1391 2988 continebantur
1422 2968 1446 3003 ‚
1552 2911 2014 2989 duxissemus
2079 2918 2729 3014 transmittendos3

538 3022 672 3129 qui
725 3018 1017 3095 tandem
1058 3018 1149 3095 ad
1188 3045 1324 3095 nos
1358 3017 1638 3093 rev-ersi
1681 3020 2157 3095 concorditer
2194 3025 2410 3100 nobis
2454 3024 2730 3101 retule-

537 3147 751 3206 runt:
808 3146 888 3205 ut
930 3129 1066 3231 ipsi
1121 3129 1197 3202 in
1240 3126 1542 3202 Octavis
1577 3124 1772 3201 Festi
1824 3127 2030 3202 Beati
2076 3127 2340 3210 Jacobi
2377 3130 2727 3233 Apostoli

533 3264 650 3341 pr.
699 3260 895 3328 nunc
931 3234 1309 3337 praeteriti
1344 3233 1434 3307 ad
1473 3230 1928 3337 praedictam
1974 3236 2363 3313 Civitatem
2404 3239 2726 3315 Posoni-

534 3369 784 3421 ensem
818 3341 1337 3431 accessissent,
1395 3365 1484 3414 ac
1516 3342 1760 3443 primo
1793 3342 2137 3417 Nicolaus
2185 3345 2589 3422 Litteratus
2624 3348 2725 3422 le·

535 3451 829 3554 gitimus
894 3444 1344 3524 Procurator
1390 3445 2034 3552 praetitulatorum
2068 3454 2434 3527 Actorum
2485 3478 2710 3554 prae-

535 3553 865 3632 sentibus
912 3558 1132 3657 ipsis,
1188 3577 1327 3628 nec
1373 3580 1525 3629 non
1570 3550 1875 3644 Judice,
1930 3553 2242 3652 Juratis,
2297 3578 2373 3635 et
2415 3561 2576 3635 aliis
2604 3561 2720 3635 ci-

535 3659 751 3736 vibus
801 3662 1029 3763 ipsius
1084 3659 1415 3736 Civitatis
1474 3659 1986 3754 posoniensis,
2082 3690 2167 3738 ac
2221 3668 2585 3742 annotatis
2635 3668 2715 3741 in

539 3772 847 3847 Causam
883 3769 1206 3843 attractis
1239 3767 1332 3841 ad
1376 3785 1645 3842 terram
1692 3765 1929 3845 Castri
1957 3769 2421 3848 Posoniensis
2452 3799 2716 3850 acces-

536 3875 836 3965 sissent,
927 3872 1355 3976 ibidemque
1432 3871 1805 3978 quandam
1879 3876 2207 3951 Domum
2271 3898 2347 3955 et
2415 3882 2713 3957 Curiam

538 3981 1064 4071 ostendissent,
1120 3976 1475 4070 dicendo,
1534 3979 1741 4082 quod
1786 3983 1939 4084 ipsa
1985 3983 2268 4060 Domus
2312 3988 2429 4060 vel
2482 3986 2710 4062 Curia

533 4088 769 4164 Patris
824 4104 899 4162 et
943 4083 1206 4161 Matris
1253 4084 1702 4163 Katherinae
1753 4105 2092 4192 tempore
2137 4096 2710 4195 perpetrationis

530 4191 953 4302 potentialis
1000 4219 1228 4300 super
1267 4190 1579 4270 eandem
1635 4191 1867 4272 factae
1922 4197 2316 4276 exstitisset
2342 4256 2361 4291 ‚
2416 4218 2494 4279 et
2532 4218 2706 4278 tan-
