2875 4842
2050 460 2197 532 127

143 675 292 762 dem
332 669 778 750 dionisudex
807 668 1045 746 Jurati
1070 671 1377 748 Civeset
1394 667 1520 744 alii
1561 668 1640 743 in
1665 665 1978 748 Caum
1994 671 2311 750 Attraoti

144 781 329 856 aliam
398 782 723 856 Domum
783 774 904 849 vel
965 778 1272 852 Curiam
1335 775 1914 880 praedictorum,
1946 778 2180 856 Patris
2225 797 2310 856 et

145 890 372 964 Matris
450 889 677 990 ipsius
740 881 1177 959 catherinae
1229 885 1303 957 in
1342 884 1516 962 ,alio
1563 882 1774 975 loco,
1821 884 2178 962 ‘videlicet
2223 886 2306 960 in

147 1012 311 1069 terra
342 996 457 1070 vel
504 992 777 1067 tenutis
818 989 1059 1066 dictae
1103 990 1434 1066 Civitatis
1486 991 1947 1074 posoniensis
1988 990 2306 1070 hatfitam

144 1099 779 1187 demonstrassent,
838 1116 1285 1190 asserentes,
1343 1095 1549 1199 quod
1598 1098 1882 1174 mansio
1921 1116 1995 1174 et
2032 1098 2310 1174 habita·

144 1212 227 1284 tio
259 1208 632 1284 dictorum
663 1206 1062 1278 Parentum
1121 1205 1352 1306 ipsius'
1380 1199 1837 1281 Katharinae
1870 1205 1948 1279 in
1991 1233 2087 1284 eo
2132 1224 2311 1282 tem-

143 1343 301 1418 pore
339 1311 1443 1419 potentiariaeperpetrationis
1489 1312 1936 1415 praemissae
1976 1311 2081 1388 ibi
2137 1309 2311 1388 fuis-

142 1441 276 1511 set3
326 1420 597 1524 quibus
643 1420 875 1522 pactis
915 1419 1303 1519 inquirere
1357 1420 1842 1519 coepissent,¹
1872 1436 1947 1493 et
2001 1416 2308 1521 quidam

144 1527 497 1615 homines,
552 1541 816 1628 utpote
857 1524 1010 1599 duo
1051 1525 1166 1599 vel
1207 1543 1358 1600 tres
1390 1525 1786 1617 dixissent,
1843 1530 2305 1602 mansionem

144 1637 514 1711 Parentum
552 1637 779 1737 ipsius
804 1631 1169 1708 foeminae
1189 1630 1637 1708 Katherinae
1665 1636 2092 1708 nominatae
2131 1648 2307 1708 tem·

143 1769 302 1844 pore
356 1741 746 1845 praemissi
795 1738 975 1814 facti
1018 1739 1437 1843 potentialis
1489 1738 1567 1810 in
1609 1739 1852 1814 Domo
1906 1741 2024 1813 vel
2075 1738 2305 1815 Curia

140 1851 338 1953 ipsius
401 1845 641 1923 Castri
702 1847 1169 1922 Posoniensis
1218 1870 1358 1951 per
1418 1844 1990 1921 Procuratorem
2052 1846 2304 1924 dicto-

141 1981 279 2032 rum
317 1959 684 2032 Actorum
725 1970 1015 2029 ostensa
1046 1952 1466 2047 habuisset3
1519 1952 1644 2025 alii
1683 1978 1861 2028 vero
1894 1956 2296 2056 incompu-

145 2063 373 2138 tabiles
419 2062 757 2138 homines
783 2116 803 2152 ,
858 2057 1203 2134 videlicet
1240 2057 1698 2164 Jobagiones
1735 2060 2170 2160 Reginales‚
2226 2078 2303 2138 et

144 2170 407 2274 populi·
439 2168 800 2243 Abbatiae
837 2167 1241 2241 -Ecclesiae
1302 2165 1398 2240 de
1448 2166 1693 2241 Pilisio
1737 2185 1941 2241 extra
2005 2194 2307 2244 murum

148 2279 239 2350 vel
273 2275 661 2352 Civitatem
709 2274 1230 2366 Posoniensem
1278 2291 1828 2349 commorantes
1877 2273 1954 2347 in
1995 2274 2303 2349 diversis

145 2382 302 2460 loeis
355 2383 473 2458 vel
534 2382 792 2488 plateis
833 2380 1373 2456 conscientiose
1431 2382 1766 2479 requisiti
1823 2377 2177 2455 dixissent
2228 2381 2303 2455 in

48 2557 49 2560 ,
147 2487 579 2568 continentia
620 2491 698 2562 in
733 2489 1198 2590 oppositum,
1257 2483 1470 2583 quod
1494 2487 1714 2566 Pater
1747 2502 1824 2562 et
1861 2486 2102 2561 Mater
2133 2485 2304 2590 ipsi-

148 2624 217 2672 us
260 2596 704 2673 Katherinae
754 2613 1091 2695 tempore
1133 2595 1698 2698 perpetrationis
1744 2591 1985 2671 dictae
2024 2611 2294 2696 poten-
2397 2687 2404 2694 ἱ

151 2705 272 2779 tiae
311 2731 461 2778 non
518 2707 593 2778 in
666 2719 862 2777 terra
919 2701 1097 2775 dicti
1148 2700 1409 2775 :Castri‘
1454 2699 1919 2776 Pnsoniensis
1966 2702 2306 2805 superius

150 2830 457 2903 ostensa,
514 2809 645 2885 sed
677 2810 773 2883 ·in
830 2806 1249 2885 Territorio
1299 2804 1717 2912 praedictae
1780 2808 2316 2885 Civitatem-2

149 2916 523 3007 soniensis‚
579 2942 665 2991 ac
712 2915 791 2990 in
836 2915 1088 2991 Domo
1128 2917 1204 2989 in
1255 2912 1519 2990 eodem
1561 2915 1976 2991 Territorio
2014 2913 2314 3007 habita,-

150 3050 267 3124 per
308 3023 766 3125 eosdemque
825 3020 1044 3096 Cives
1090 3020 1586 3096 demonstrata
1648 3018 2119 3099 residentiam
2175 3019 2306 3095 ba·

154 3130 490 3222 buissent3
548 3130 962 3234 praenotati
1030 3126 1255 3203 etiam
1311 3125 1602 3219 Judex,
1665 3128 1912 3203 Jurati
1958 3147 2033 3204 et
2084 3126 2320 3205 Cives,

154 3253 422 3339 praeter
462 3238 862 3341 praemissa
913 3227 1341 3336 allegassent
1377 3236 1522 3308 isto
1580 3235 1850 3323 modo,
1881 3232 2112 3335 ‘quod
2164 3234 2314 3335 ipsi

152 3343 526 3419 secundum
567 3363 909 3420 tenorem
950 3360 1026 3416 et
1061 3343 1590 3418 continentiam
1611 3342 2059 3419 Litterarum
2101 3340 2305 3417 adiu-

155 3448 657 3527 dicatoriarum
716 3445 1077 3554 praedicti
1126 3447 1459 3550 Magistri
1518 3449 2100 3525 Tavernicorum
2155 3445 2303 3523 Ve-

153 3574 448 3633 strorum
511 3584 608 3633 ex
662 3574 871 3660 parte
921 3555 1564 3659 praetitulatorum
1612 3555 2054 3631 Conciuium
2106 3559 2302 3660 ipso-

155 3691 295 3740 rum
329 3665 542 3740 dictis
590 3662 997 3739 Actoribus
1042 3662 1416 3738 Judicium
1456 3679 1528 3735 et
1568 3662 1913 3736 iustitiam
1961 3666 2038 3738 in
2097 3689 2307 3766 prae-

156 3774 339 3848 missa
380 3771 614 3848 Causa
656 3771 981 3875 prompti
1016 3786 1259 3846 essent
1309 3766 1743 3869 impendere
1786 3787 1860 3844 et
1897 3773 2175 3870 parati,
2233 3787 2314 3845 et

162 3880 307 3978 quia
344 3879 691 3982 praefatis
733 3877 974 3978 Regio
1016 3893 1090 3950 et
1122 3876 1392 3950 nostris
1423 3871 1848 3951 hominibus
1887 3879 1966 3952 in
2011 3874 2306 3984 praedi·

165 3985 274 4059 ctis
305 3982 1055 4063 demonstrationibus
1092 3983 1510 4057 Domorum
1560 3999 1636 4059 et
1673 3983 2132 4060 Mansionum
2179 3981 2310 4056 Pa-

167 4109 433 4168 rentum
484 4092 711 4195 ipsius
766 4090 1162 4164 Foeminae
1211 4087 1577 4166 certitudo
1611 4116 1763 4186 non
1798 4088 2086 4183 fuisset,
2139 4088 2314 4165 ideo

168 4192 366 4298 ipsius
395 4196 811 4280 huiusmodi
835 4195 1090 4276 iudicii
1136 4209 1215 4272 et
1248 4195 1570 4274 iustitiae
1604 4197 2142 4299 impensionem
2178 4222 2314 4300 per
