2875 4842
302 480 782 591 '⁹'1s

568 731 859 811 bea-tate
890 724 1243 821 donaret,
1295 724 1436 829 ipsi
1469 718 1784 800 insultus
1816 721 2012 826 ragis
2047 720 2472 803 Salomonis
2505 727 2764 802 omni-

566 861 673 915 no
706 841 1187 927 mereat-ent,
1237 831 1340 907 ita
1380 825 1593 935 quod
1634 853 1776 905 nee
1825 831 2141 909 auderet
2182 832 2393 908 exire
2426 829 2522 907 de
2564 829 2756 909 Mo-

564 968 708 1021 son
738 960 819 1021 et
850 943 1093 1018 Poson
1129 936 1227 1013 ad
1259 935 1687 1014 tentandam
1732 935 2211 1040 Hungariam.
2291 940 2485 1016 Cum
2523 936 2760 1017 Prin-

567 1052 737 1156 cipe
776 1050 1030 1152 itaque
1062 1038 1373 1135 eorum,
1422 1042 1643 1121 Zolta
1674 1045 2006 1133 nomine,
2061 1046 2491 1147 equitarunt
2522 1071 2758 1153 super

564 1181 820 1258 regem
856 1148 1411 1231 Salamonem.“
1466 1148 1743 1227 Clu-on.
1780 1150 2014 1235 Thur.
2062 1148 2142 1224 Ρ.
2195 1149 2284 1228 Π.
2329 1176 2490 1255 oap.
2539 1153 2625 1230 L.
2673 1169 2757 1231 et

564 1263 723 1340 [Π.
760 1261 945 1339 Mox
982 1258 1104 1334 alii
1146 1256 1243 1333 ad
1280 1252 1598 1333 confinia
1630 1256 1844 1362 regni
1882 1276 2138 1334 versus
2187 1253 2515 1360 styriam
2547 1275 2759 1338 tuen·

562 1366 660 1446 da
692 1367 1316 1469 commigrarunt,
1372 1360 1852 1441 excubitores
1885 1362 2061 1439 ideo
2095 1364 2560 1470 compellati,
2601 1366 2759 1443 vul-

560 1502 660 1580 go
700 1456 855 1566 Or,
910 1471 1035 1549 alii
1060 1469 1443 1572 sagittario
1473 1492 1788 1546 munere
1821 1473 2269 1563 seminant,
2324 1472 2554 1575 vulgo
2584 1473 2751 1550 La-

563 1587 706 1679 ῑὸ,
766 1578 1158 1657 -8οὶιίίιιοη
1212 1575 1417 1653 dicti.
1505 1573 1623 1673 h).
1684 1574 2122 1654 Flandro
2181 1576 2632 1656 Saxones
2699 1608 2747 1656 a

559 1688 810 1789 Geysa
845 1690 940 1772 Π.
978 1709 1176 1761 anno
1238 1687 1636 1759 1141—3.
1691 1684 1921 1759 exciti
1970 1700 2198 1785 atque
2260 1702 2507 1789 partes
2558 1683 2749 1763 vltra

556 1794 898 1896 syluanas
936 1789 1031 1869 ad
1065 1790 1431 1867 orientem
1464 1788 1902 1867 insidentes:
1933 1788 2315 1867 Andream
2351 1790 2747 1868 RR.Hun-

559 1902 808 2002 gae-iae
844 1898 922 1979 in
956 1895 1437 2007 Palaestinam
1467 1896 1834 1979 comitati:
1892 1895 2345 1994 „Praecessit
2379 1923 2638 2002 regem
2667 1917 2749 1979 et

555 2007 899 2109 Vagare·
953 2007 1209 2108 ingens
1248 2001 1637 2080 Saxonum
1679 2001 2121 2106 multitud03
2178 2029 2439 2080 omnes
2477 2006 2746 2108 pacili-

556 2116 695 2191 ci.“
748 2109 1223 2191 Archi-Diae.
1283 2108 1562 2215 Spalat.
1615 2108 1712 2186 de
1773 2110 2057 2214 Pasaag.
2113 2110 2464 2187 Andreae
2511 2115 2605 2188 R.
2651 2113 2744 2188 H.

558 2224 895 2324 oap.,26.
938 2216 1060 2295 Ab
1098 2212 1364 2295 eodem
1403 2232 1703 2293 caetera
1734 2216 1932 2323 inter
1971 2219 2116 2295 hoe
2162 2217 2559 2322 priuilegio
2602 2246 2750 2294 an-

555 2353 662 2403 no
700 2330 909 2405 1224
929 2323 1224 2402 donati:
1270 2330 1465 2420 ‘‚,50.
1490 2320 1854 2400 duntaxat
1893 2327 2087 2401 intra
2125 2349 2471 2426 regnum,
2512 2343 2590 2401 et
2626 2352 2748 2403 re·

553 2433 683 2536 gni
743 2433 1299 2537 expeditionem
1378 2429 1862 2534 deputarent,
1915 2420 2146 2508 extra'
2182 2458 2364 2508 vero
2425 2455 2743 2534 regnum

559 2547 735 2615 100.
793 2543 854 2615 si
901 2540 1065 2616 Rex
1094 2541 1181 2625 ,in
1244 2541 1552 2643 propria
1607 2562 1929 2644 persona
1975 2541 2241 2634 iuerit3
2298 2538 2361 2613 si
2414 2562 2744 2617 veroex

549 2647 764 2748 regni
801 2644 1397 2750 Jobbagionibus
1438 2645 1770 2745 aliquem
1808 2648 2175 2739 mitteret,
2237 2650 2338 2719 50
2384 2642 2743 2725 duntaxat

556 2752 825 2830 milites
869 2752 1331 2831 mitterent-‘⁴
1401 2748 1738 2827 Saxones
1773 2750 2040 2828 eodem
2084 2751 2245 2828 fere
2289 2767 2625 2856 tempore
2663 2756 2739 2830 in

551 2859 918 2961 Scepusio
958 2854 1476 2949 considentes,
1527 2855 1670 2935 sub
1704 2857 1885 2933 Bela
1909 2859 2038 2935 IV.
2084 2861 2362 2962 ingenti
2405 2859 2736 2936 multitu-

549 2965 726 3043 dine
763 2990 1071 3043 suorum
1139 2988 1227 3038 ae
1284 2962 1725 3042 Latinorum
1772 2964 2013 3061 aucti3
2067 2967 2145 3042 in
2185 2963 2745 3072 expeditionem

546 3071 689 3150 sub
747 3070 1027 3151 vexillo
1096 3073 1350 3173 regio,
1406 3085 1775 3174 quatuor,
1849 3075 1981 3174 qui
2033 3070 2406 3148 habebant
2463 3090 2743 3151 terram

548 3196 724 3259 octo
758 3196 1170 3257 aratrorum
1209 3179 1690 3254 sufficientem
1718 3232 1744 3272 ‚
1798 3204 2020 3254 vnum
2069 3182 2418 3277 miserant
2461 3178 2733 3257 decen·

547 3301 666 3371 ter
708 3302 1072 3363 armatum
1108 3282 1229 3380 (A.
1263 3285 1534 3378 1243.)
1564 3283 1951 3376 „crebrius
1982 3286 2060 3360 in
2094 3284 2558 3364 conflictibus
2603 3312 2744 3363 no·

544 3394 715 3468 stris
751 3391 1191 3494 sanquinem
1227 3415 1442 3467 suum
1474 3389 1780 3468 vberius
1818 3389 2277 3468 effinderent“
2304 3392 2552 3498 inquit
2574 3391 2747 3471 Ste-

543 3495 831 3604 phanus
878 3500 974 3573 V.
1016 3488 1108 3575 R.
1149 3496 1237 3572 H.
1294 3496 1707 3602 insignibus
1744 3499 2279 3601 praerogatiuis
2327 3500 2424 3575 ab
2468 3499 2741 3579 eodem

520 3602 952 3693 condonati
973 3601 1203 3679 Anno
1249 3608 1478 3678 12⁷1.
1521 3600 1886 3697 „Carolus
1903 3602 2253 3682 Matthaei
2286 3604 2381 3684 de
2401 3606 2754 3684 Trinehi·

542 3712 674 3789 nio
706 3706 911 3796 mille
950 3725 1030 3784 et
1062 3714 1570 3816 septingentos
1623 3710 1890 3787 milites
1930 3711 2298 3790 lanceatos
2335 3712 2743 3791 conducti-

542 3821 729 3913 tios,
780 3831 863 3895 et
896 3839 1122 3893 omne
1163 3816 1396 3920 ipsius
1434 3841 1701 3923 posse,
1758 3834 2152 3894 venturum
2192 3817 2541 3913 audiens,
2596 3849 2748 3925 pu-

541 3924 734 4003 tauit
789 3949 869 4001 se
928 3945 1085 3998 non
1152 3946 1372 4027 posse
1422 3925 1805 4024 resistere,
1882 3926 1962 3999 in
2017 3922 2307 4031 Scepus
2355 3951 2435 4003 se
2482 3952 2749 4020 ,rece-

541 4031 675 4135 pit.
782 4027 920 4107 cui
991 4025 1518 4133 Scepusienses
1587 4031 1874 4133 equites
1923 4033 2231 4135 'pariter
2297 4053 2376 4111 et
2450 4030 2747 4135 pedites

547 4136 868 4216 feliciter
954 4146 1480 4212 concesserunt
1505 4138 1532 4209 'z
1627 4162 1802 4215 cum
1872 4138 2146 4239 quibus
2237 4141 2408 4234 Rex
2482 4138 2745 4219 hostes

546 4271 722 4324 suos
757 4241 1109 4322 audacius
1160 4259 1275 4320 est
1306 4249 1767 4347 aggressus.“
1839 4241 2231 4352 priuilegio
2273 4244 2602 4327 eiusdem
2638 4247 2740 4327 ad
