2875 4842
2055 454 2207 531 223

157 660 493 763 spectaris
524 657 955 736 Dominicus
984 653 1449 760 Praepositus
1484 673 1560 734 et
1597 657 2030 738 Conuentus
2058 663 2309 742 Eccle-

42 848 47 857 ,
157 769 287 841 siae
333 764 424 840 de
483 765 754 841 Lelesz.
812 765 1116 840 salutem
1172 767 1245 837 in
1315 766 1647 847 omnium
1699 762 2110 846 Saluatore.
2180 770 2320 848 Ad.

158 876 646 948 vniuersorum
689 891 839 948 tam
882 871 1375 975 praesentium
1424 896 1652 970 quam
1696 866 2117 950 futurorum
2157 905 2308 955 no·
2387 880 2395 889 '

161 982 361 1053 titiam
422 978 683 1054 harum
737 980 925 1055 serie
987 975 1326 1052 volumus
1391 978 1826 1079 peruenire:
1886 979 2112 1068 Quod
2168 1011 2308 1061 nos

161 1102 417 1163 matura
464 1103 546 1162 et
589 1086 1123 1186 cirmamspecta
1170 1081 1702 1159 deliberatione
1730 1105 1738 1113 ·
1766 1102 1841 1159 et
1900 1085 2303 1169 deliberata

163 1193 556 1295 prouisione
609 1191 1037 1296 praehabita
1081 1187 1483 1294 quasdam,
1553 1187 1837 1266 scilicet
1886 1197 2303 1297 possessio-

161 1322 304 1375 nem
333 1300 557 1401 Myke
578 1356 600 1393 ‚
656 1317 732 1376 et
764 1317 1043 1377 terram
1090 1297 1561 1373 sessionalem
1630 1293 1896 1398 Meger
1953 1320 2247 1379 vocatas
2272 1362 2298 1396 ,

157 1425 444 1501 nostras,
517 1433 757 1512 prope
806 1403 1117 1480 eandem
1177 1403 1714 1507 possessionem
1769 1404 2128 1502 habitam,
2220 1406 2300 1485 in

153 1510 498 1589 comitatu
529 1513 940 1588 Bihoriensi
965 1512 1411 1588 existentem
1432 1564 1455 1601 ,
1511 1535 1684 1585 cum
1718 1512 2062 1589 omnibus
2097 1513 2298 1592 vtiti-

153 1619 394 1696 tatibus
427 1639 570 1697 etc.
594 1619 1003 1696 honorabili
1037 1616 1378 1721 capitulo
1409 1613 1782 1695 Ecclesiae
1804 1619 2294 1720 Varadiensis,
2412 1689 2422 1699 .

56 1712 63 1727 ’
150 1751 227 1800 ac
258 1727 489 1803 eidem
535 1726 953 1819 Ecclesiae,
989 1727 1068 1805 in
1100 1722 1622 1800 concambium
1652 1740 1787 1801 seu
1825 1730 2297 1828 permutatio·

152 1859 298 1907 nem
318 1835 797 1937 possessionis
817 1831 1136 1909 eiusdem
1176 1829 1494 1934 Capituli
1526 1856 1657 1907 seu
1695 1832 2067 1909 Ecclesiee
2086 1862 2322 1938 prae-¹

148 1934 403 2034 dictae,
458 1938 623 2042 Vaj
646 1940 756 2014 da
791 1940 1200 2044 appellatae
1239 1940 1309 2012 in
1356 1940 1727 2015 comitatu
1762 1939 2291 2043 Zempliniensi

88 2078 89 2085 ¹
143 2046 531 2140 adiacente,
589 2046 963 2129 dedimus,
1021 2044 1486 2137 donauimus,
1519 2062 1595 2120 et
1636 2046 2106 2142 contulimus,
2137 2050 2289 2124 imo

22 2170 25 2193 *
141 2148 378 2229 damus
415 2153 772 2231 donamus
810 2171 884 2228 et
907 2151 1354 2227 conferimus
1397 2155 1559 2227 iure
1605 2168 1964 2255 perpetue
1999 2170 2076 2228 et
2112 2152 2289 2247 irre-

22 2336 23 2339 ,
142 2255 559 2336 uocabiliter
594 2255 1109 2364 possidendam
1141 2276 1283 2352 etc.
1348 2260 1610 2332 Datum
1647 2257 1831 2332 feria
1872 2259 2089 2334 tertia
2114 2287 2286 2364 pro·

22 2382 23 2409 ³
140 2366 307 2439 xima
351 2385 517 2466 post
551 2385 848 2442 octauas
890 2364 1056 2441 festi
1101 2365 1364 2439 Pascae
1393 2362 1717 2439 Domini.
1749 2364 1976 2441 Anno'
2032 2366 2283 2442 Domi·
2425 2386 2434 2399 '

22 2466 23 2469 ¹
136 2497 200 2543 m
242 2470 1129 2562 MCCCLXXXVII-o.“·
1162 2471 1243 2545 L.
1301 2469 1397 2544 S..

204 2599 292 2660 Ex
329 2602 618 2678 originali
655 2601 894 2660 archiui
932 2600 1084 2660 Con.
1129 2596 1202 2657 de
1230 2597 1478 2690 Lelesz.

1024 2763 1362 2840 LXXm.

22 2940 25 2945 ·
132 2913 376 2985 &aphani
393 2915 654 2971 Palatini
670 2928 878 2969 causae
909 2915 1059 2968 inser
1091 2916 1254 2968 eim:
1285 2919 1491 2969 Poson.
1521 2928 1573 2968 st
1597 2910 1862 2968 Abbassm
1881 2916 2089 2970 montis
2119 2918 2279 2972 Pans-

42 3010 49 3021 '
293 3008 507 3061 aoniae
537 3007 794 3078 agitatas
815 3037 836 3067 ‚
866 3005 1313 3077 prorogmrias.
1349 3004 1418 3058 A.
1455 3004 1618 3059 138⁷:
1665 3042 1670 3049 ·

294 3115 452 3190 Nos
489 3111 908 3217 Stephanus
943 3115 1146 3215 regni
1188 3114 1604 3213 Hungariae
1635 3111 1997 3205 Palatinus
2030 3132 2108 3190 et
2149 3115 2279 3193 Ju-

132 3214 253 3292 dex
273 3206 836 3310 Cumanorum,
894 3219 1149 3318 damus
1187 3246 1327 3324 pro
1364 3220 1765 3310 memoria,
1833 3217 2050 3312 quod
2096 3242 2276 3295 cau-

132 3349 297 3420 sam,
352 3355 577 3431 quam
617 3327 1002 3432 religiosus
1038 3328 1153 3401 vir
1193 3326 1553 3400 Dominus
1586 3325 1820 3400 frater
1863 3324 2280 3426 Stephanus

136 3428 354 3506 Abbas
402 3432 766 3511 Ecclesiae
804 3432 1064 3508 Sancti
1119 3432 1421 3508 Martini
1462 3435 1653 3507 sacri
1694 3433 1962 3506 montis
2000 3432 2277 3509 Panno-

136 3537 310 3633 niae,
364 3566 505 3645 pro
542 3567 697 3644 quo
736 3541 1165 3617 Valentinus
1214 3535 1446 3615 Sar-ev
1509 3562 1679 3615 cum
1737 3541 2274 3638 procuratoriis
2315 3591 2321 3598 -
2449 3550 2456 3559 “

140 3640 337 3721 literis
398 3648 730 3722 eiusdem
782 3649 1002 3724 astitit
1054 3664 1311 3722 contra
1357 3646 1641 3736 Tusan,
1703 3644 2273 3743 wenceslaum,

136 3744 500 3848 hannem,
574 3753 884 3832 Serdew
946 3744 1272 3844 dictum.
1362 3770 1438 3829 et
1499 3752 1874 3828 dominam
1939 3753 2273 3830 relictam

140 3849 425 3935 Wendel
461 3863 661 3937 ciues
696 3860 976 3963 regales
1022 3858 1114 3936 de
1144 3853 1468 3935 Posonio
1486 3916 1511 3951 ,
1586 3886 1727 3961 pro
1766 3855 2041 3959 quibus
2098 3859 2270 3937 S'te·

141 3955 377 4055 phanus
424 3970 753 4045 literatus
789 3994 957 4043 cum
996 3966 1523 4069 procuratoriis
1554 3962 1782 4042 literis
1828 3963 2027 4040 dicte
2071 3967 2288 4041 Giui-·

143 4069 275 4141 tatis
303 4072 767 4150 posoniensis
788 4074 1247 4176 comparuit3
1288 4072 1496 4148 iuxta
1518 4074 2044 4150 continentiam
2073 4072 2271 4175 ‘prio-

143 4194 277 4247 rum
311 4172 680 4258 literaru‘m
724 4198 1133 4259 nostrarum
1176 4183 1852 4283 prorogatoriarum
1899 4204 1982 4254 su
1990 4202 2126 4283 per
2158 4172 2266 4251 fa-
