2875 4842
2080 511 2233 590 54¹!

146 737 486 845 gnicolae
529 729 806 826 nostri,
862 726 1089 804 veluti
1137 718 1518 831 acephali,
1573 741 1874 802 rectore
1927 737 2006 802 et
2041 724 2342 804 Guber-

148 845 415 924 natore
464 837 836 931 destituti,
892 850 1226 941 proptera
1259 829 1672 937 quaslibet,
1729 834 1951 927 etiam
2000 828 2337 911 fortassis

151 951 365 1030 leues
407 946 876 1054 quaestiones
909 959 988 1017 et
1021 963 1269 1017 causas
1310 940 1390 1014 in
1432 939 1737 1016 remotis
1780 938 2110 1043 partibus
2134 993 2157 1032 ‚
2211 965 2343 1016 ρο.

152 1086 328 1137 rum
379 1051 730 1164 grauibus
786 1046 1169 1126 laboribus
1226 1063 1303 1123 ct
1358 1041 1608 1121 multis
1662 1045 2041 1151 expensis,
2101 1045 2347 1123 Maie-

154 1184 421 1244 statem
479 1175 804 1239 nostram
841 1156 1055 1260 sequi
1101 1169 1189 1229 et·
1228 1151 1651 1257 quaeritare
1690 1168 2094 1257 cogantur,
2152 1169 2232 1231 et
2264 1167 2350 1230 vt

160 1274 386 1350 etiam
426 1266 808 1377 praedicta
860 1287 1091 1365 regna
1140 1276 1394 1336 nostra
1447 1259 1755 1354 vtiliter,
1810 1255 2220 1364 prudenter
2269 1273 2351 1337 et:

157 1377 561 1458 salubriter
595 1372 1151 1477 gubernentur,
1188 1382 1433 1442 certos
1465 1363 1666 1442 viros
1686 1420 1712 1456 ,
1759 1368 2197 1445 auctoritate
2226 1389 2382 1445 sir·

152 1483 468 1578 hlimes,
522 1482 695 1558 vita*
724 1475 1121 1582 probatos,
1161 1469 1556 1549 virtutibus
1591 1469 2018 1566 redimitos,
2058 1491 2136 1550 et
2172 1499 2349 1580 pru·

161 1589 412 1668 dantia
467 1590 1046 1689 circumspectos
1072 1634 1094 1671 ,
1150 1578 1241 1654 ad
1288 1577 1730 1655 eorumdem
1775 1603 2180 1682 regnorum
2217 1606 2355 1662 no·-

162 1715 495 1776 strorum
544 1694 878 1793 regimen
930 1704 1007 1762 et
1045 1686 1651 1791 gubernationem
1709 1682 2179 1792 dect-enimus
2221 1683 2350 1761 de-

83 1875 93 1884 ,
161 1802 599 1911 putandos;,
632 1800 890 1875 habito
923 1797 1148 1898 igitur
1182 1791 1534 1895 singulari
1575 1808 1916 1896 respectu
1965 1789 2060 1866 ad
2102 1794 2354 1869 Reue-

164 1909 686 1987 rendissimum
731 1905 811 1979 in
874 1904 1038 1977 Xto
1105 1902 1433 1990 Patrem,
1512 1898 1914 1973 Dominum
1982 1899 2355 1974 Joanwnem

160 2016 832 2121 Arcbiepiscopum
873 2008 1459 2112 strigoniensem
1487 2057 1510 2096 ‚
1569 2004 1802 2080 Aulae
1855 1991 2159 2082 nostrae
2197 2006 2356 2081 Ro·

159 2150 425 2200 manae
460 2124 705 2226 regiae
736 2113 1275 2192 cancellarium
1295 2169 1319 2204 ,
1360 2129 1437 2188 et
1467 2107 1939 2214 Magnificum
1965 2109 2356 2188 Nicolaum
2417 2129 2426 2154 ³

162 2229 263 2307 de
313 2231 550 2314 Gara,
605 2223 784 2301 dicti
842 2217 1084 2326 Regni
1140 2217 1375 2294 nostri
1427 2216 1844 2320 Hungariae
1903 2217 2353 2308 Palatinum,

159 2335 265 2412 de
327 2359 651 2439 quorum
705 2327 1051 2405 fidelitate
1080 2381 1103 2417 ‚
1203 2323 1611 2427 legalitate,
1689 2325 2353 2427 circumspectione

161 2443 391 2551 plene
430 2437 906 2529 confidimus,
948 2430 1244 2509 eosdem
1279 2430 1739 2506 coniunctim
1780 2427 1877 2503 de
1913 2446 2208 2506 nostrae
2243 2423 2361 2508 ‘re-

163 2554 334 2656 giae
389 2546 770 2653 potestatis
812 2537 1271 2648 plenitudine
1322 2552 1400 2613 et
1434 2560 1528 2610 ex
1582 2553 1785 2612 certa
1837 2552 2085 2610 nostra
2130 2539 2359 2615 scien·

161 2659 312 2741 tia.
371 2649 923 2760 praedictorum
977 2647 1375 2722 Dalmatiae
1413 2641 1802 2738 croatiae,
1850 2659 1928 2718 ct
1967 2639 2355 2746 Hungariq

128 2757 261 2842 =ae
312 2783 717 2866 regnorum
782 2771 1213 2840 nostrorum
1273 2748 1833 2826 Gubernatores
1888 2764 1965 2823 et
2029 2751 2356 2844 „vicarios

163 2888 465 2948 nostros
501 2861 881 2971 generales
920 2859 1382 2948 ordinamus,
1440 2855 1786 2949 facimus,
1842 2855 2353 2958 constituimus

168 2995 248 3054 et
299 2983 689 3065 creamus,
730 2970 990 3044 dantes
1029 2958 1659 3040 et‘concedentes
1689 2988 1784 3037 ex
1829 2985 2030 3037 nunc
2079 2964 2351 3044 virtute

164 3080 716 3192 praesentium,
789 3074 1226 3151 auctoritate
1273 3087 1524 3145 nostra
1557 3068 1824 3169 regia,
1878 3087 1966 3144 ac
2010 3066 2105 3142 de
2150 3085 2353 3143 certa

164 3206 468 3267 nostrae
515 3180 910 3260 Maiestatis
954 3175 1251 3255 scientia
1299 3172 1648 3280 praefatis
1693 3175 2029 3254 Dominis
2077 3171 2347 3264 Joanni

157 3291 821 3399 Archiepiscopo,
860 3301 950 3363 'et
1003 3281 1312 3362 Nicolao
1367 3279 1741 3375 Palatino,
1773 3280 2249 3356 -coniunctim
2293 3307 2349 3360 ,a

156 3401 398 3481 modo
441 3417 517 3476 et
549 3397 896 3501 deinceps
937 3390 1209 3468 tamdiu
1234 3445 1258 3483 ,
1310 3389 1705 3494 quousque
1747 3389 1820 3462 in
1879 3384 2076 3460 dicta
2116 3410 2349 3488 regna

160 3526 421 3587 nostra
475 3503 793 3580 feliciter
848 3496 1163 3605 regressi
1211 3495 1615 3591 fuerimus,
1681 3496 2058 3568 vniuersas
2090 3507 2164 3567 et
2207 3491 2350 3568 sin·

163 3616 379 3720 ‘gulas
428 3608 961 3716 regnicolarum
1001 3601 1433 3682 nostrorum
1482 3625 1775 3692 camos,
1827 3600 2345 3703 quaestiones,

70 3799 81 3806 ,
167 3740 253 3800 et
302 3720 549 3797 litium
604 3738 1026 3819 processus,
1094 3706 1488 3800 audiendi,
1520 3703 2084 3811 cognoscendi,
2138 3705 2347 3780 indi·
2434 3755 2442 3764 ·

166 3827 436 3921 candi,
483 3821 885 3900 definiendi
920 3836 1000 3895 et
1048 3810 1584 3908 concludendi,
1633 3839 1720 3889 ac
1772 3812 1849 3888 in
1902 3811 2047 3903 eis,
2103 3812 2355 3917 appel-

163 3936 448 4030 latione
486 3948 766 4008 remota
788 3984 809 4021 ‚
867 3924 1232 4034 quaslibet
1264 3921 1662 3998 sententias
1689 3936 1833 3998 tam
1875 3920 2349 3994 interlocuto-

167 4044 367 4136 rias,
440 4065 661 4144 quam
724 4032 1138 4112 definitiuas
1208 4025 1542 4118 ferendi,
1622 4021 2202 4132 pronunciandi,
2273 4041 2353 4122 et
2407 4105 2422 4114 „

171 4143 747 4257 promulgandi,
801 4167 892 4220 ac
922 4130 1348 4217 huiusmodi
1395 4127 1789 4212 s'ententias
1825 4130 2123 4209 debitae
2173 4151 2351 4207 exe-

177 4255 466 4336 cutioni
499 4245 987 4334 demandandi
1004 4297 1032 4346 ,
1086 4241 1488 4349 nmisque
1518 4256 1598 4321 et
1627 4236 1916 4419 singusslg
1934 4237 2115 4379 ⁴alia,
2157 4235 2355 4356 quaa
