2875 4842
675 477 834 551 42⁰
955 513 1007 569 .·

580 693 777 775 cium
813 687 966 769 mei
1000 689 1405 766 notariatus
1447 688 1723 765 sufflant
1741 684 1848 785 (7)
1869 687 2267 789 requisitis,
2282 687 2376 764 ad
2398 688 2755 773 instantis-

579 802 838 880 simam
880 797 1331 902 peticionem
1384 792 1688 871 discreti
1749 796 1886 871 viri
1923 793 2209 873 domini
2251 793 2607 898 Stephani
2641 794 2761 870 Vt-

573 906 718 984 rici
773 905 871 981 de
916 900 1391 984 Sweinbarth
1446 899 1922 1004 prebendary
1946 956 1973 993 ,
2024 902 2105 979 in
2154 902 2473 977 ecclesia
2508 901 2760 977 Sancti

573 1012 878 1090 Martini
911 1035 998 1087 ac
1046 1011 1364 1087 rectoris
1398 1007 1701 1115 Capelle
1746 1008 2107 1111 Corporis
2140 1010 2271 1083 Xti
2309 1008 2404 1084 de
2446 1009 2761 1110 posonio

507 1150 514 1159 ·
571 1119 866 1198 euocati
909 1116 1281 1193 existimus
1321 1115 1416 1190 ad
1451 1114 2032 1192 interessendum
2076 1115 2368 1191 cuidam
2411 1116 2762 1192 diuisioni

573 1226 1033 1330 aliarumque
1066 1216 1316 1298 reru'm
1355 1221 1693 1299 videlicet
1733 1224 2364 1318 vestimentorum,
2396 1222 2757 1299 lectister-

571 1336 911 1429 nim-um,
956 1356 1044 1405 ac
1074 1329 1387 1405 aliorum
1427 1329 1657 1430 ipsius
1690 1326 1955 1404 domus
1992 1330 2531 1405 vtensitiorum.
2593 1328 2759 1417 Que

577 1438 878 1542 quidem
930 1435 1199 1512 diuisio
1239 1434 1400 1511 fleri
1436 1435 1698 1512 debuit
1730 1436 1929 1511 inter
1967 1435 2333 1539 prefatum
2373 1434 2759 1514 dominum

575 1544 1038 1651 Stephanum
1072 1539 1314 1618 Vlrici
1348 1541 1927 1646 prebendarium
1963 1558 2039 1618 et
2081 1542 2471 1646 prouidam
2505 1541 2758 1621 domi-

567 1679 738 1731 nam
775 1647 1233 1729 katherinam
1283 1648 1619 1724 relictam
1658 1648 2032 1754 quondam
2081 1648 2384 1753 prouidi
2423 1651 2570 1724 viri
2620 1651 2755 1725 Bo-

568 1774 980 1836 nauentura
1040 1754 1136 1830 de
1199 1754 1411 1833 Salto
1461 1756 1953 1856 crucesignati
2002 1757 2189 1832 ciuis
2239 1758 2747 1861 posoniensis,

566 1869 698 1971 qui
744 1861 1062 1940 condam
1111 1863 1468 1966 capellam
1518 1862 1660 1939 sub
1694 1861 1919 1939 titulo
1960 1878 2038 1939 et
2071 1863 2439 1945 vocabulo
2485 1887 2754 1970 corpo-

567 1971 675 2046 ris
721 1972 860 2046 Xti
903 1967 998 2045 de
1045 1968 1262 2045 bonis
1317 1994 1359 2042 a
1407 1971 1579 2045 Deo
1637 1968 1778 2044 sibi
1841 1969 2166 2064 collatis,
2222 1973 2297 2047 in
2351 1967 2582 2048 domo
2622 1998 2749 2048 sue

562 2074 1033 2154 habitationis
1086 2064 1184 2150 in⁴
1214 2076 1524 2177 posonio
1566 2079 1949 2180 perpetuis
1984 2077 2446 2179 temporibus
2490 2076 2746 2153 funda·

523 2192 539 2203 ‘
566 2185 680 2259 uit
710 2200 787 2259 et
832 2180 928 2256 ad
978 2177 1288 2256 eandem
1331 2180 1702 2282 Capellam
1736 2179 1986 2284 aliqua
2018 2209 2150 2261 sua
2201 2181 2400 2260 bona
2440 2184 2744 2263 mobilis

567 2310 647 2367 et
691 2286 1096 2365 immobilia
1151 2290 1348 2363 circa
1401 2289 1635 2392 ipsam
1714 2287 2070 2392 capellam
2138 2316 2627 2396 permansura
2671 2293 2740 2367 in

562 2411 1001 2501 perpetuam
1047 2392 1157 2469 rei
1199 2395 1634 2470 memoriam
1677 2411 1754 2469 et
1799 2395 2040 2471 anime
2076 2421 2249 2493 sue,
2305 2415 2381 2474 et
2418 2416 2743 2495 anteces-

563 2528 815 2581 sorum
877 2526 1178 2578 suorum
1257 2501 1564 2576 salutem
1650 2501 2255 2580 testamentaliter
2326 2502 2738 2599 ordinauit,

561 2606 1106 2683 Tandemvisis
1146 2621 1221 2681 et
1270 2605 1537 2682 habitis
1575 2624 1652 2683 et
1688 2609 2096 2712 perspectis
2139 2609 2482 2709 omnibus
2525 2611 2739 2690 bonis

559 2712 980 2788 diuidendis
1041 2712 1132 2785 in·
1179 2711 1446 2805 domo,
1497 2714 1576 2788 in
1625 2739 1771 2815 qua
1821 2716 2183 2817 prelibata
2221 2717 2502 2821 capella
2550 2745 2740 2797 con·

557 2836 831 2896 structa
867 2818 1158 2905 extitit,
1215 2817 1609 2915 etbabita,
1658 2845 1791 2895 seu
1824 2821 2013 2897 faeta
2060 2822 2384 2928 plenarie
2420 2826 2579 2929 ipsa
2619 2826 2739 2900 di-

562 2924 851 3013 uisione
916 2925 1121 2998 iuxta
1174 2923 1627 3001 voluntatem
1699 2921 2084 3003 ambarum
2156 2933 2475 3034 partium
2522 2934 2739 3009 susti-

567 3034 681 3106 cia
713 3031 1009 3107 volente
1047 3045 1123 3105 et
1143 3034 1573 3135 requirente
1592 3028 1891 3109 cuilibet
1920 3039 2109 3139 parti
2147 3042 2297 3113 suis
2332 3038 2554 3116 bonis
2578 3038 2739 3114 red-

564 3135 738 3213 ditis
790 3154 865 3214 et
916 3135 1014 3211 ab
1066 3138 1386 3215 inuicem
1442 3139 1728 3243 diuisis,
1782 3139 1884 3218 ita
1939 3140 2147 3245 quod
2194 3144 2534 3245 quelibet
2569 3172 2741 3251 pars

566 3260 1166 3339 contentaretur,
1217 3246 1295 3320 in
1331 3244 1475 3322 sibi
1529 3249 1900 3351 assignatis
1938 3251 2212 3352 pariter
2245 3262 2332 3330 et¹
2354 3254 2571 3328 cessis
2597 3252 2737 3356 hys

565 3352 819 3454 itaque
847 3350 1039 3428 sicut
1081 3351 1469 3454 prefertur.
1496 3355 1879 3457 premissis.
1905 3357 1983 3430 in
2021 3358 2170 3433 mei
2206 3377 2481 3461 notary
2515 3376 2591 3435 et
2626 3377 2733 3437 te-

550 3458 772 3537 stium
832 3457 1420 3563 subscriptorum
1489 3463 1868 3563 presencia
1914 3519 1936 3557 ,
2006 3464 2335 3569 prefatus
2392 3466 2734 3545 dominus

564 3552 977 3667 Stephanus
1003 3562 1245 3641 Vlrici
1285 3567 1382 3642 de
1396 3565 1881 3645 Sweinbortb
1898 3571 2453 3674 prebendarius
2492 3600 2539 3648 a
2566 3600 2733 3675 pre·

560 3668 709 3749 fata
763 3667 1062 3755 domina
1113 3670 1520 3749 Katberina
1563 3677 1959 3777 requisiuit
2008 3680 2087 3753 in
2134 3677 2333 3757 hunc
2382 3680 2731 3775 modum,

561 3793 812 3854 vtrum
854 3779 931 3852 in
986 3778 1347 3857 diuisione
1390 3779 1812 3859 huiusmodi
1856 3808 2106 3860 rerum
2138 3788 2332 3864 sicut
2381 3788 2737 3890 premitti-

558 3900 683 3960 tur
722 3883 915 3961 facta
950 3902 1297 3965 contenta
1341 3904 1568 3964 staret
1607 3890 1688 3964 in
1723 3894 1928 3965 omni
1970 3892 2131 3969 iure
2165 3914 2243 3971 et
2282 3891 2521 3971 forma
2550 3953 2575 3988 ,
2630 3918 2730 3971 ne

556 4009 869 4098 propter
899 3992 1259 4098 litigiosos
1293 3995 1665 4072 anfractus
1686 4013 1764 4072 et
1790 4000 2215 4077 occasiones
2254 4006 2508 4105 grauia
2530 4001 2728 4078 dam·

553 4126 742 4205 pna,
799 4124 982 4202 vary
1039 4118 1116 4178 et
1166 4101 1439 4179 sinistri
1490 4121 1799 4182 euentus
1847 4123 2073 4211 atque
2114 4111 2561 4213 multiplices
2596 4138 2721 4186 ex·

553 4231 823 4310 pense,
871 4224 1204 4314 sumptus
1256 4226 1333 4285 et
1381 4208 1712 4316 pericula
1767 4211 2063 4317 vtrique
2105 4217 2299 4322 parti
2332 4219 2719 4310 eueniant,
