<?xml version="1.0" encoding="UTF-8"?>
<!DOCTYPE html PUBLIC "-//W3C//DTD XHTML 1.0 Transitional//EN"
    "http://www.w3.org/TR/xhtml1/DTD/xhtml1-transitional.dtd">
<html xmlns="http://www.w3.org/1999/xhtml" xml:lang="en" lang="en">
 <head>
  <title>
</title>
<meta http-equiv="Content-Type" content="text/html;charset=utf-8" />
  <meta name='ocr-system' content='tesseract 3.04.00' />
  <meta name='ocr-capabilities' content='ocr_page ocr_carea ocr_par ocr_line ocrx_word'/>
</head>
<body>
  <div class='ocr_page' id='page_1' title='image "./codexdiplomatic00knigoog_0342.png"; bbox 0 0 2875 4842; ppageno 0'>
   <div class='ocr_carea' id='block_1_1' title="bbox 623 464 779 536">
    <p class='ocr_par' dir='ltr' id='par_1_1' title="bbox 623 464 779 536">
     <span class='ocr_line' id='line_1_1' title="bbox 623 464 779 536; baseline -0.013 0"><span class='ocrx_word' id='word_1_1' title='bbox 623 464 779 536; x_wconf 69' lang='lat'><strong>33⁶</strong></span> 
     </span>
    </p>
   </div>
   <div class='ocr_carea' id='block_1_2' title="bbox 513 665 2715 1924">
    <p class='ocr_par' dir='ltr' id='par_1_2' title="bbox 513 665 2715 1708">
     <span class='ocr_line' id='line_1_2' title="bbox 514 665 2711 776; baseline -0.004 -27"><span class='ocrx_word' id='word_1_2' title='bbox 514 674 609 749; x_wconf 86' lang='lat' dir='ltr'><strong>ab</strong></span> <span class='ocrx_word' id='word_1_3' title='bbox 650 669 992 750; x_wconf 83' lang='lat' dir='ltr'><strong>omnibus</strong></span> <span class='ocrx_word' id='word_1_4' title='bbox 1031 669 1593 776; x_wconf 63' lang='lat' dir='ltr'><strong>impetitionibus</strong></span> <span class='ocrx_word' id='word_1_5' title='bbox 1629 684 1974 774; x_wconf 82' lang='lat' dir='ltr'><strong>pretextu</strong></span> <span class='ocrx_word' id='word_1_6' title='bbox 2014 668 2385 746; x_wconf 84' lang='lat' dir='ltr'><strong>dictorum</strong></span> <span class='ocrx_word' id='word_1_7' title='bbox 2421 665 2711 744; x_wconf 87' lang='lat' dir='ltr'><strong>iurium</strong></span> 
     </span>
     <span class='ocr_line' id='line_1_3' title="bbox 515 775 2715 884; baseline -0.003 -30"><span class='ocrx_word' id='word_1_8' title='bbox 515 780 956 884; x_wconf 74' lang='lat' dir='ltr'><strong>quat-talium</strong></span> <span class='ocrx_word' id='word_1_9' title='bbox 996 797 1074 855; x_wconf 86' lang='lat' dir='ltr'><strong>et</strong></span> <span class='ocrx_word' id='word_1_10' title='bbox 1110 775 1414 855; x_wconf 89' lang='lat' dir='ltr'><strong>eosdem</strong></span> <span class='ocrx_word' id='word_1_11' title='bbox 1448 775 1825 855; x_wconf 81' lang='lat' dir='ltr'><strong>Andream</strong></span> <span class='ocrx_word' id='word_1_12' title='bbox 1855 795 1931 852; x_wconf 87' lang='lat' dir='ltr'><strong>et</strong></span> <span class='ocrx_word' id='word_1_13' title='bbox 1973 775 2416 877; x_wconf 76' lang='lat' dir='ltr'><strong>Dyonisium</strong></span> <span class='ocrx_word' id='word_1_14' title='bbox 2442 801 2534 850; x_wconf 85' lang='lat' dir='ltr'><strong>ac</strong></span> <span class='ocrx_word' id='word_1_15' title='bbox 2572 798 2715 848; x_wconf 86' lang='lat' dir='ltr'><strong>eo·</strong></span> 
     </span>
     <span class='ocr_line' id='line_1_4' title="bbox 514 880 2715 991; baseline -0.003 -30"><span class='ocrx_word' id='word_1_16' title='bbox 514 910 688 964; x_wconf 87' lang='lat' dir='ltr'><strong>rum</strong></span> <span class='ocrx_word' id='word_1_17' title='bbox 720 886 1185 991; x_wconf 69' lang='lat' dir='ltr'><strong>posteritates</strong></span> <span class='ocrx_word' id='word_1_18' title='bbox 1221 886 1301 959; x_wconf 89' lang='lat' dir='ltr'><strong>in</strong></span> <span class='ocrx_word' id='word_1_19' title='bbox 1353 881 1667 989; x_wconf 84' lang='lat' dir='ltr'><strong>pacifico</strong></span> <span class='ocrx_word' id='word_1_20' title='bbox 1717 884 2072 961; x_wconf 83' lang='lat' dir='ltr'><strong>Dominio</strong></span> <span class='ocrx_word' id='word_1_21' title='bbox 2137 880 2520 958; x_wconf 72' lang='lat' dir='ltr'><strong>laboribus</strong></span> <span class='ocrx_word' id='word_1_22' title='bbox 2568 904 2715 954; x_wconf 88' lang='lat' dir='ltr'><strong>eo·</strong></span> 
     </span>
     <span class='ocr_line' id='line_1_5' title="bbox 513 985 2711 1099; baseline -0.004 -29"><span class='ocrx_word' id='word_1_23' title='bbox 513 1017 683 1070; x_wconf 80' lang='lat' dir='ltr'><strong>rum</strong></span> <span class='ocrx_word' id='word_1_24' title='bbox 739 994 1059 1099; x_wconf 85' lang='lat' dir='ltr'><strong>propriis</strong></span> <span class='ocrx_word' id='word_1_25' title='bbox 1100 1008 1177 1068; x_wconf 87' lang='lat' dir='ltr'><strong>et</strong></span> <span class='ocrx_word' id='word_1_26' title='bbox 1212 990 1555 1096; x_wconf 78' lang='lat' dir='ltr'><strong>expensis</strong></span> <span class='ocrx_word' id='word_1_27' title='bbox 1613 991 2068 1067; x_wconf 86' lang='lat' dir='ltr'><strong>tenebuntur</strong></span> <span class='ocrx_word' id='word_1_28' title='bbox 2104 985 2519 1066; x_wconf 85' lang='lat' dir='ltr'><strong>defendere</strong></span> <span class='ocrx_word' id='word_1_29' title='bbox 2572 1013 2711 1063; x_wconf 79' lang='lat' dir='ltr'><strong>ex-</strong></span> 
     </span>
     <span class='ocr_line' id='line_1_6' title="bbox 518 1096 2715 1203; baseline -0.002 -28"><span class='ocrx_word' id='word_1_30' title='bbox 518 1096 775 1203; x_wconf 81' lang='lat' dir='ltr'><strong>pedire</strong></span> <span class='ocrx_word' id='word_1_31' title='bbox 815 1117 891 1175; x_wconf 87' lang='lat' dir='ltr'><strong>et</strong></span> <span class='ocrx_word' id='word_1_32' title='bbox 920 1097 1345 1193; x_wconf 83' lang='lat' dir='ltr'><strong>defensare,</strong></span> <span class='ocrx_word' id='word_1_33' title='bbox 1399 1099 1473 1172; x_wconf 92' lang='lat' dir='ltr'><strong>in</strong></span> <span class='ocrx_word' id='word_1_34' title='bbox 1512 1097 1728 1174; x_wconf 87' lang='lat' dir='ltr'><strong>cuius</strong></span> <span class='ocrx_word' id='word_1_35' title='bbox 1772 1096 1894 1174; x_wconf 63' lang='lat' dir='ltr'><strong>⁴rei</strong></span> <span class='ocrx_word' id='word_1_36' title='bbox 1937 1099 2370 1172; x_wconf 76' lang='lat' dir='ltr'><strong>memoriam</strong></span> <span class='ocrx_word' id='word_1_37' title='bbox 2424 1119 2715 1203; x_wconf 84' lang='lat' dir='ltr'><strong>perpe-</strong></span> 
     </span>
     <span class='ocr_line' id='line_1_7' title="bbox 516 1194 2715 1309; baseline -0.003 -27"><span class='ocrx_word' id='word_1_38' title='bbox 516 1224 873 1308; x_wconf 79' lang='lat' dir='ltr'><strong>tuamque</strong></span> <span class='ocrx_word' id='word_1_39' title='bbox 912 1194 1336 1282; x_wconf 82' lang='lat' dir='ltr'><strong>firmitatem</strong></span> <span class='ocrx_word' id='word_1_40' title='bbox 1376 1220 1756 1309; x_wconf 79' lang='lat' dir='ltr'><strong>presentes</strong></span> <span class='ocrx_word' id='word_1_41' title='bbox 1802 1204 2076 1279; x_wconf 82' lang='lat' dir='ltr'><strong>litteras</strong></span> <span class='ocrx_word' id='word_1_42' title='bbox 2128 1220 2418 1279; x_wconf 88' lang='lat' dir='ltr'><strong>nostras</strong></span> <span class='ocrx_word' id='word_1_43' title='bbox 2469 1203 2715 1306; x_wconf 86' lang='lat' dir='ltr'><strong>priui-</strong></span> 
     </span>
     <span class='ocr_line' id='line_1_8' title="bbox 513 1305 2715 1417; baseline -0.001 -31"><span class='ocrx_word' id='word_1_44' title='bbox 513 1312 809 1415; x_wconf 77' lang='lat' dir='ltr'><strong>legiales</strong></span> <span class='ocrx_word' id='word_1_45' title='bbox 846 1338 983 1417; x_wconf 84' lang='lat' dir='ltr'><strong>per</strong></span> <span class='ocrx_word' id='word_1_46' title='bbox 1020 1309 1344 1387; x_wconf 86' lang='lat' dir='ltr'><strong>medium</strong></span> <span class='ocrx_word' id='word_1_47' title='bbox 1388 1308 1758 1415; x_wconf 77' lang='lat' dir='ltr'><strong>alphabeti</strong></span> <span class='ocrx_word' id='word_1_48' title='bbox 1782 1311 2161 1386; x_wconf 84' lang='lat' dir='ltr'><strong>intercisas</strong></span> <span class='ocrx_word' id='word_1_49' title='bbox 2198 1305 2590 1414; x_wconf 86' lang='lat' dir='ltr'><strong>pendentis</strong></span> <span class='ocrx_word' id='word_1_50' title='bbox 2632 1323 2715 1383; x_wconf 80' lang='lat' dir='ltr'><strong>et</strong></span> 
     </span>
     <span class='ocr_line' id='line_1_9' title="bbox 514 1414 2711 1521; baseline -0.002 -27"><span class='ocrx_word' id='word_1_51' title='bbox 514 1421 870 1496; x_wconf 80' lang='lat' dir='ltr'><strong>autentici</strong></span> <span class='ocrx_word' id='word_1_52' title='bbox 907 1418 1121 1521; x_wconf 80' lang='lat' dir='ltr'><strong>sigilli</strong></span> <span class='ocrx_word' id='word_1_53' title='bbox 1175 1418 1380 1492; x_wconf 88' lang='lat' dir='ltr'><strong>nosri</strong></span> <span class='ocrx_word' id='word_1_54' title='bbox 1431 1417 1837 1518; x_wconf 88' lang='lat' dir='ltr'><strong>apensione</strong></span> <span class='ocrx_word' id='word_1_55' title='bbox 1878 1415 2223 1492; x_wconf 82' lang='lat' dir='ltr'><strong>duximus</strong></span> <span class='ocrx_word' id='word_1_56' title='bbox 2272 1414 2711 1492; x_wconf 81' lang='lat' dir='ltr'><strong>conceden-</strong></span> 
     </span>
     <span class='ocr_line' id='line_1_10' title="bbox 517 1521 2711 1602; baseline -0.002 -2"><span class='ocrx_word' id='word_1_57' title='bbox 517 1524 669 1601; x_wconf 86' lang='lat' dir='ltr'><strong>das.</strong></span> <span class='ocrx_word' id='word_1_58' title='bbox 729 1528 994 1602; x_wconf 88' lang='lat' dir='ltr'><strong>Datum</strong></span> <span class='ocrx_word' id='word_1_59' title='bbox 1027 1526 1103 1599; x_wconf 86' lang='lat' dir='ltr'><strong>in</strong></span> <span class='ocrx_word' id='word_1_60' title='bbox 1135 1524 1413 1601; x_wconf 80' lang='lat' dir='ltr'><strong>octavis</strong></span> <span class='ocrx_word' id='word_1_61' title='bbox 1433 1523 1601 1601; x_wconf 81' lang='lat' dir='ltr'><strong>festi</strong></span> <span class='ocrx_word' id='word_1_62' title='bbox 1644 1523 2112 1600; x_wconf 84' lang='lat' dir='ltr'><strong>Pentecostes</strong></span> <span class='ocrx_word' id='word_1_63' title='bbox 2129 1525 2351 1599; x_wconf 87' lang='lat' dir='ltr'><strong>Anno</strong></span> <span class='ocrx_word' id='word_1_64' title='bbox 2391 1521 2711 1597; x_wconf 88' lang='lat' dir='ltr'><strong>Domini</strong></span> 
     </span>
     <span class='ocr_line' id='line_1_11' title="bbox 518 1629 1131 1708; baseline 0 -2"><span class='ocrx_word' id='word_1_65' title='bbox 518 1629 1131 1708; x_wconf 83' lang='lat' dir='ltr'><strong>Mcccxc1·0.“</strong></span> 
     </span>
    </p>

    <p class='ocr_par' dir='ltr' id='par_1_3' title="bbox 599 1749 2704 1834">
     <span class='ocr_line' id='line_1_12' title="bbox 599 1749 2704 1834; baseline -0.003 -14"><span class='ocrx_word' id='word_1_66' title='bbox 599 1757 918 1834; x_wconf 64' lang='lat' dir='ltr'><strong>Originae</strong></span> <span class='ocrx_word' id='word_1_67' title='bbox 949 1753 1474 1816; x_wconf 69' lang='lat' dir='ltr'><strong>membranaceum</strong></span> <span class='ocrx_word' id='word_1_68' title='bbox 1508 1767 1649 1815; x_wconf 80' lang='lat' dir='ltr'><strong>omn</strong></span> <span class='ocrx_word' id='word_1_69' title='bbox 1686 1753 1892 1833; x_wconf 77' lang='lat' dir='ltr'><strong>sigillo</strong></span> <span class='ocrx_word' id='word_1_70' title='bbox 1938 1753 2206 1834; x_wconf 76' lang='lat' dir='ltr'><strong>pertinet</strong></span> <span class='ocrx_word' id='word_1_71' title='bbox 2256 1749 2333 1814; x_wconf 67' lang='lat' dir='ltr'><strong>ael</strong></span> <span class='ocrx_word' id='word_1_72' title='bbox 2369 1751 2704 1814; x_wconf 75' lang='lat' dir='ltr'><strong>Nicolaum</strong></span> 
     </span>
    </p>

    <p class='ocr_par' dir='ltr' id='par_1_4' title="bbox 709 1855 1727 1924">
     <span class='ocr_line' id='line_1_13' title="bbox 709 1855 1727 1924; baseline 0 -2"><span class='ocrx_word' id='word_1_73' title='bbox 709 1857 1081 1924; x_wconf 73' lang='lat' dir='ltr'><strong>Jnkovich.</strong></span> <span class='ocrx_word' id='word_1_74' title='bbox 1157 1879 1170 1886; x_wconf 85' lang='grc'><em>·</em></span> <span class='ocrx_word' id='word_1_75' title='bbox 1720 1855 1727 1866; x_wconf 80' lang='grc'><strong>’</strong></span> 
     </span>
    </p>
   </div>
   <div class='ocr_carea' id='block_1_3' title="bbox 1394 2037 1806 2112">
    <p class='ocr_par' dir='ltr' id='par_1_5' title="bbox 1394 2037 1806 2112">
     <span class='ocr_line' id='line_1_14' title="bbox 1394 2037 1806 2112; baseline -0.002 0"><span class='ocrx_word' id='word_1_76' title='bbox 1394 2037 1806 2112; x_wconf 87' lang='lat' dir='ltr'>CXXXVI.</span> 
     </span>
    </p>
   </div>
   <div class='ocr_carea' id='block_1_4' title="bbox 520 2178 2694 2330">
    <p class='ocr_par' dir='ltr' id='par_1_6' title="bbox 520 2178 2694 2330">
     <span class='ocr_line' id='line_1_15' title="bbox 520 2178 2694 2264; baseline -0.002 -28"><span class='ocrx_word' id='word_1_77' title='bbox 520 2179 839 2253; x_wconf 66' lang='lat' dir='ltr'><strong>Capitulum</strong></span> <span class='ocrx_word' id='word_1_78' title='bbox 878 2181 1177 2238; x_wconf 68' lang='lat' dir='ltr'><strong>Jaurinaen.</strong></span> <span class='ocrx_word' id='word_1_79' title='bbox 1209 2190 1561 2251; x_wconf 70' lang='lat' dir='ltr'><strong>patronatus</strong></span> <span class='ocrx_word' id='word_1_80' title='bbox 1606 2180 1760 2235; x_wconf 70' lang='lat' dir='ltr'><strong>iuris</strong></span> <span class='ocrx_word' id='word_1_81' title='bbox 1805 2178 2004 2236; x_wconf 67' lang='lat' dir='ltr'><strong>lien-as</strong></span> <span class='ocrx_word' id='word_1_82' title='bbox 2024 2195 2135 2250; x_wconf 80' lang='lat' dir='ltr'><strong>pro</strong></span> <span class='ocrx_word' id='word_1_83' title='bbox 2174 2179 2414 2264; x_wconf 51' lang='lat' dir='ltr'><strong>ciuitate</strong></span> <span class='ocrx_word' id='word_1_84' title='bbox 2459 2182 2694 2250; x_wconf 66' lang='lat' dir='ltr'><strong>&amp;pron-</strong></span> 
     </span>
     <span class='ocr_line' id='line_1_16' title="bbox 707 2270 1373 2330; baseline -0.006 -3"><span class='ocrx_word' id='word_1_85' title='bbox 707 2277 1029 2329; x_wconf 71' lang='lat' dir='ltr'><strong>eramumie.</strong></span> <span class='ocrx_word' id='word_1_86' title='bbox 1102 2273 1173 2330; x_wconf 81' lang='lat' dir='ltr'><strong>A.</strong></span> <span class='ocrx_word' id='word_1_87' title='bbox 1215 2270 1373 2327; x_wconf 78' lang='lat'><strong>1391.</strong></span> 
     </span>
    </p>
   </div>
   <div class='ocr_carea' id='block_1_5' title="bbox 509 2397 2699 4216">
    <p class='ocr_par' dir='ltr' id='par_1_7' title="bbox 509 2397 2699 4216">
     <span class='ocr_line' id='line_1_17' title="bbox 709 2397 2697 2511; baseline -0.001 -32"><span class='ocrx_word' id='word_1_88' title='bbox 709 2397 1132 2511; x_wconf 87' lang='lat' dir='ltr'><strong>Capitulum</strong></span> <span class='ocrx_word' id='word_1_89' title='bbox 1161 2400 1531 2479; x_wconf 83' lang='lat' dir='ltr'><strong>Ecclesiae</strong></span> <span class='ocrx_word' id='word_1_90' title='bbox 1568 2397 1976 2480; x_wconf 81' lang='lat' dir='ltr'><strong>Juuriensis</strong></span> <span class='ocrx_word' id='word_1_91' title='bbox 2011 2401 2374 2479; x_wconf 85' lang='lat' dir='ltr'><strong>Omnibus</strong></span> <span class='ocrx_word' id='word_1_92' title='bbox 2432 2401 2697 2480; x_wconf 85' lang='lat' dir='ltr'><strong>Christi</strong></span> 
     </span>
     <span class='ocr_line' id='line_1_18' title="bbox 518 2508 2698 2616; baseline -0 -30"><span class='ocrx_word' id='word_1_93' title='bbox 518 2510 860 2590; x_wconf 78' lang='lat' dir='ltr'><strong>fidelibus</strong></span> <span class='ocrx_word' id='word_1_94' title='bbox 898 2508 1411 2616; x_wconf 85' lang='lat' dir='ltr'><strong>praesentibus</strong></span> <span class='ocrx_word' id='word_1_95' title='bbox 1461 2508 1738 2611; x_wconf 86' lang='lat' dir='ltr'><strong>pariter</strong></span> <span class='ocrx_word' id='word_1_96' title='bbox 1773 2527 1849 2586; x_wconf 87' lang='lat' dir='ltr'><strong>et</strong></span> <span class='ocrx_word' id='word_1_97' title='bbox 1882 2508 2146 2585; x_wconf 83' lang='lat' dir='ltr'><strong>futuris</strong></span> <span class='ocrx_word' id='word_1_98' title='bbox 2198 2511 2698 2615; x_wconf 87' lang='lat' dir='ltr'><strong>praesentium</strong></span> 
     </span>
     <span class='ocr_line' id='line_1_19' title="bbox 521 2613 2699 2721; baseline -0 -29"><span class='ocrx_word' id='word_1_99' title='bbox 521 2618 854 2692; x_wconf 84' lang='lat' dir='ltr'><strong>notitiam</strong></span> <span class='ocrx_word' id='word_1_100' title='bbox 896 2616 1368 2712; x_wconf 82' lang='lat' dir='ltr'><strong>tenentibus,</strong></span> <span class='ocrx_word' id='word_1_101' title='bbox 1450 2613 1756 2691; x_wconf 85' lang='lat' dir='ltr'><strong>salutem</strong></span> <span class='ocrx_word' id='word_1_102' title='bbox 1806 2617 1882 2691; x_wconf 89' lang='lat' dir='ltr'><strong>in</strong></span> <span class='ocrx_word' id='word_1_103' title='bbox 1940 2617 2267 2692; x_wconf 87' lang='lat' dir='ltr'><strong>Domino</strong></span> <span class='ocrx_word' id='word_1_104' title='bbox 2309 2618 2699 2721; x_wconf 89' lang='lat' dir='ltr'><strong>sempiter-</strong></span> 
     </span>
     <span class='ocr_line' id='line_1_20' title="bbox 519 2722 2695 2830; baseline -0.001 -32"><span class='ocrx_word' id='word_1_105' title='bbox 519 2749 713 2798; x_wconf 85' lang='lat' dir='ltr'><strong>nam.</strong></span> <span class='ocrx_word' id='word_1_106' title='bbox 798 2722 913 2798; x_wconf 84' lang='lat' dir='ltr'><strong>Ad</strong></span> <span class='ocrx_word' id='word_1_107' title='bbox 967 2725 1488 2818; x_wconf 67' lang='lat' dir='ltr'><strong>Vniuersorum</strong></span> <span class='ocrx_word' id='word_1_108' title='bbox 1540 2723 1876 2799; x_wconf 81' lang='lat' dir='ltr'><strong>notitiam</strong></span> <span class='ocrx_word' id='word_1_109' title='bbox 1945 2739 2091 2797; x_wconf 87' lang='lat' dir='ltr'><strong>tam</strong></span> <span class='ocrx_word' id='word_1_110' title='bbox 2153 2724 2695 2830; x_wconf 86' lang='lat' dir='ltr'><strong>praesentium,</strong></span> 
     </span>
     <span class='ocr_line' id='line_1_21' title="bbox 519 2825 2692 2933; baseline 0 -29"><span class='ocrx_word' id='word_1_111' title='bbox 519 2855 743 2933; x_wconf 86' lang='lat' dir='ltr'><strong>quam</strong></span> <span class='ocrx_word' id='word_1_112' title='bbox 783 2827 1215 2906; x_wconf 78' lang='lat' dir='ltr'><strong>futurorum</strong></span> <span class='ocrx_word' id='word_1_113' title='bbox 1241 2825 1495 2906; x_wconf 88' lang='lat' dir='ltr'><strong>barum</strong></span> <span class='ocrx_word' id='word_1_114' title='bbox 1553 2832 1739 2904; x_wconf 86' lang='lat' dir='ltr'><strong>serie</strong></span> <span class='ocrx_word' id='word_1_115' title='bbox 1783 2827 2122 2906; x_wconf 84' lang='lat' dir='ltr'><strong>volumus</strong></span> <span class='ocrx_word' id='word_1_116' title='bbox 2164 2828 2322 2905; x_wconf 84' lang='lat' dir='ltr'><strong>fieri</strong></span> <span class='ocrx_word' id='word_1_117' title='bbox 2369 2829 2692 2905; x_wconf 83' lang='lat' dir='ltr'><strong>manife-</strong></span> 
     </span>
     <span class='ocr_line' id='line_1_22' title="bbox 517 2934 2689 3042; baseline -0.001 -30"><span class='ocrx_word' id='word_1_118' title='bbox 517 2953 751 3033; x_wconf 83' lang='lat' dir='ltr'><strong>stum,</strong></span> <span class='ocrx_word' id='word_1_119' title='bbox 804 2936 1011 3040; x_wconf 82' lang='lat' dir='ltr'><strong>quod</strong></span> <span class='ocrx_word' id='word_1_120' title='bbox 1051 2934 1269 3042; x_wconf 89' lang='lat' dir='ltr'><strong>probi</strong></span> <span class='ocrx_word' id='word_1_121' title='bbox 1306 2953 1382 3012; x_wconf 87' lang='lat' dir='ltr'><strong>et</strong></span> <span class='ocrx_word' id='word_1_122' title='bbox 1432 2935 1719 3011; x_wconf 87' lang='lat' dir='ltr'><strong>bonesti</strong></span> <span class='ocrx_word' id='word_1_123' title='bbox 1773 2936 1917 3013; x_wconf 78' lang='lat' dir='ltr'><strong>viri</strong></span> <span class='ocrx_word' id='word_1_124' title='bbox 1960 2934 2334 3013; x_wconf 84' lang='lat' dir='ltr'><strong>Jobannes</strong></span> <span class='ocrx_word' id='word_1_125' title='bbox 2382 2934 2689 3012; x_wconf 86' lang='lat' dir='ltr'><strong>Sinber-</strong></span> 
     </span>
     <span class='ocr_line' id='line_1_23' title="bbox 518 3037 2687 3147; baseline -0 -27"><span class='ocrx_word' id='word_1_126' title='bbox 518 3057 775 3147; x_wconf 79' lang='lat' dir='ltr'><strong>tenseg</strong></span> <span class='ocrx_word' id='word_1_127' title='bbox 810 3045 1087 3136; x_wconf 79' lang='lat' dir='ltr'><strong>dictus,</strong></span> <span class='ocrx_word' id='word_1_128' title='bbox 1139 3042 1186 3115; x_wconf 84' lang='lat' dir='ltr'>J</span> <span class='ocrx_word' id='word_1_129' title='bbox 1192 3040 1386 3118; x_wconf 81' lang='lat' dir='ltr'><strong>udex</strong></span> <span class='ocrx_word' id='word_1_130' title='bbox 1427 3038 1761 3118; x_wconf 86' lang='lat' dir='ltr'><strong>Ciuitatis</strong></span> <span class='ocrx_word' id='word_1_131' title='bbox 1798 3042 2325 3147; x_wconf 86' lang='lat' dir='ltr'><strong>Soproniensis</strong></span> <span class='ocrx_word' id='word_1_132' title='bbox 2364 3061 2441 3118; x_wconf 92' lang='lat' dir='ltr'><strong>et</strong></span> <span class='ocrx_word' id='word_1_133' title='bbox 2473 3037 2687 3119; x_wconf 86' lang='lat' dir='ltr'><strong>Nico·</strong></span> 
     </span>
     <span class='ocr_line' id='line_1_24' title="bbox 513 3147 2688 3252; baseline 0 -28"><span class='ocrx_word' id='word_1_134' title='bbox 513 3150 674 3225; x_wconf 86' lang='lat' dir='ltr'><strong>laus</strong></span> <span class='ocrx_word' id='word_1_135' title='bbox 714 3154 915 3226; x_wconf 82' lang='lat' dir='ltr'><strong>iuxta</strong></span> <span class='ocrx_word' id='word_1_136' title='bbox 956 3150 1403 3244; x_wconf 86' lang='lat' dir='ltr'><strong>claustrum,</strong></span> <span class='ocrx_word' id='word_1_137' title='bbox 1465 3147 1812 3252; x_wconf 80' lang='lat' dir='ltr'><strong>Magister</strong></span> <span class='ocrx_word' id='word_1_138' title='bbox 1846 3155 2116 3227; x_wconf 87' lang='lat' dir='ltr'><strong>ciuium</strong></span> <span class='ocrx_word' id='word_1_139' title='bbox 2156 3151 2395 3226; x_wconf 86' lang='lat' dir='ltr'><strong>dictae</strong></span> <span class='ocrx_word' id='word_1_140' title='bbox 2437 3151 2688 3226; x_wconf 86' lang='lat' dir='ltr'><strong>ciuita-</strong></span> 
     </span>
     <span class='ocr_line' id='line_1_25' title="bbox 521 3255 2685 3366; baseline -0.001 -33"><span class='ocrx_word' id='word_1_141' title='bbox 521 3260 610 3334; x_wconf 87' lang='lat' dir='ltr'><strong>tis</strong></span> <span class='ocrx_word' id='word_1_142' title='bbox 658 3255 1110 3366; x_wconf 86' lang='lat' dir='ltr'><strong>Sopronien.</strong></span> <span class='ocrx_word' id='word_1_143' title='bbox 1175 3259 1252 3331; x_wconf 89' lang='lat' dir='ltr'><strong>in</strong></span> <span class='ocrx_word' id='word_1_144' title='bbox 1319 3273 1645 3332; x_wconf 86' lang='lat' dir='ltr'><strong>nostram</strong></span> <span class='ocrx_word' id='word_1_145' title='bbox 1714 3259 2196 3364; x_wconf 79' lang='lat' dir='ltr'><strong>personaliter</strong></span> <span class='ocrx_word' id='word_1_146' title='bbox 2254 3257 2685 3333; x_wconf 85' lang='lat' dir='ltr'><strong>accedentes</strong></span> 
     </span>
     <span class='ocr_line' id='line_1_26' title="bbox 514 3359 2685 3469; baseline 0 -31"><span class='ocrx_word' id='word_1_147' title='bbox 514 3364 1041 3469; x_wconf 80' lang='lat' dir='ltr'><strong>praesentiam,</strong></span> <span class='ocrx_word' id='word_1_148' title='bbox 1097 3359 1601 3438; x_wconf 82' lang='lat' dir='ltr'><strong>exbibuerunt</strong></span> <span class='ocrx_word' id='word_1_149' title='bbox 1635 3365 1853 3438; x_wconf 88' lang='lat' dir='ltr'><strong>nobis</strong></span> <span class='ocrx_word' id='word_1_150' title='bbox 1890 3362 2246 3466; x_wconf 87' lang='lat' dir='ltr'><strong>quasdam</strong></span> <span class='ocrx_word' id='word_1_151' title='bbox 2275 3365 2523 3440; x_wconf 86' lang='lat' dir='ltr'><strong>literas</strong></span> <span class='ocrx_word' id='word_1_152' title='bbox 2562 3391 2685 3469; x_wconf 90' lang='lat' dir='ltr'><strong>pa·</strong></span> 
     </span>
     <span class='ocr_line' id='line_1_27' title="bbox 514 3467 2685 3575; baseline 0 -31"><span class='ocrx_word' id='word_1_153' title='bbox 514 3471 755 3575; x_wconf 85' lang='lat' dir='ltr'><strong>pireas</strong></span> <span class='ocrx_word' id='word_1_154' title='bbox 781 3525 803 3566; x_wconf 93' lang='lat'>‚</span> <span class='ocrx_word' id='word_1_155' title='bbox 860 3467 1232 3574; x_wconf 82' lang='lat' dir='ltr'><strong>Magnifici</strong></span> <span class='ocrx_word' id='word_1_156' title='bbox 1268 3468 1429 3546; x_wconf 81' lang='lat' dir='ltr'><strong>Viri</strong></span> <span class='ocrx_word' id='word_1_157' title='bbox 1478 3469 1762 3544; x_wconf 89' lang='lat' dir='ltr'><strong>Nicolai</strong></span> <span class='ocrx_word' id='word_1_158' title='bbox 1785 3525 1806 3564; x_wconf 87' lang='lat'><strong>,</strong></span> <span class='ocrx_word' id='word_1_159' title='bbox 1863 3468 1992 3547; x_wconf 81' lang='lat' dir='ltr'><strong>filii</strong></span> <span class='ocrx_word' id='word_1_160' title='bbox 2028 3470 2377 3547; x_wconf 86' lang='lat' dir='ltr'><strong>Johannis</strong></span> <span class='ocrx_word' id='word_1_161' title='bbox 2417 3468 2513 3546; x_wconf 86' lang='lat' dir='ltr'><strong>de</strong></span> <span class='ocrx_word' id='word_1_162' title='bbox 2550 3473 2685 3545; x_wconf 85' lang='lat' dir='ltr'><strong>Ca·</strong></span> 
     </span>
     <span class='ocr_line' id='line_1_28' title="bbox 514 3573 2684 3683; baseline 0.001 -33"><span class='ocrx_word' id='word_1_163' title='bbox 514 3579 710 3667; x_wconf 88' lang='lat' dir='ltr'><strong>nisa,</strong></span> <span class='ocrx_word' id='word_1_164' title='bbox 767 3577 1102 3678; x_wconf 80' lang='lat' dir='ltr'><strong>Magistri</strong></span> <span class='ocrx_word' id='word_1_165' title='bbox 1130 3573 1724 3652; x_wconf 87' lang='lat' dir='ltr'><strong>Tauernicorum</strong></span> <span class='ocrx_word' id='word_1_166' title='bbox 1757 3577 2147 3679; x_wconf 82' lang='lat' dir='ltr'><strong>regalium.</strong></span> <span class='ocrx_word' id='word_1_167' title='bbox 2203 3576 2342 3654; x_wconf 88' lang='lat' dir='ltr'><strong>sub</strong></span> <span class='ocrx_word' id='word_1_168' title='bbox 2378 3578 2684 3683; x_wconf 86' lang='lat' dir='ltr'><strong>impres-</strong></span> 
     </span>
     <span class='ocr_line' id='line_1_29' title="bbox 510 3683 2686 3789; baseline 0.001 -33"><span class='ocrx_word' id='word_1_169' title='bbox 510 3684 717 3758; x_wconf 89' lang='lat' dir='ltr'><strong>sione</strong></span> <span class='ocrx_word' id='word_1_170' title='bbox 760 3684 973 3786; x_wconf 79' lang='lat' dir='ltr'><strong>sigilli</strong></span> <span class='ocrx_word' id='word_1_171' title='bbox 1022 3683 1178 3774; x_wconf 90' lang='lat' dir='ltr'><strong>sui‚</strong></span> <span class='ocrx_word' id='word_1_172' title='bbox 1237 3698 1573 3784; x_wconf 86' lang='lat' dir='ltr'><strong>petentes</strong></span> <span class='ocrx_word' id='word_1_173' title='bbox 1606 3708 1753 3760; x_wconf 86' lang='lat' dir='ltr'><strong>nos</strong></span> <span class='ocrx_word' id='word_1_174' title='bbox 1806 3705 1975 3759; x_wconf 89' lang='lat' dir='ltr'><strong>cum</strong></span> <span class='ocrx_word' id='word_1_175' title='bbox 2025 3685 2404 3780; x_wconf 86' lang='lat' dir='ltr'><strong>instantia,</strong></span> <span class='ocrx_word' id='word_1_176' title='bbox 2461 3711 2686 3789; x_wconf 88' lang='lat' dir='ltr'><strong>prae-</strong></span> 
     </span>
     <span class='ocr_line' id='line_1_30' title="bbox 512 3788 2681 3868; baseline 0 -6"><span class='ocrx_word' id='word_1_177' title='bbox 512 3792 772 3864; x_wconf 84' lang='lat' dir='ltr'><strong>sertim</strong></span> <span class='ocrx_word' id='word_1_178' title='bbox 810 3792 885 3862; x_wconf 90' lang='lat' dir='ltr'><strong>in</strong></span> <span class='ocrx_word' id='word_1_179' title='bbox 924 3790 1071 3865; x_wconf 82' lang='lat' dir='ltr'><strong>suis</strong></span> <span class='ocrx_word' id='word_1_180' title='bbox 1109 3807 1185 3866; x_wconf 89' lang='lat' dir='ltr'><strong>et</strong></span> <span class='ocrx_word' id='word_1_181' title='bbox 1232 3788 1455 3865; x_wconf 90' lang='lat' dir='ltr'><strong>totius</strong></span> <span class='ocrx_word' id='word_1_182' title='bbox 1491 3791 2045 3868; x_wconf 75' lang='lat' dir='ltr'><strong>communitatis</strong></span> <span class='ocrx_word' id='word_1_183' title='bbox 2077 3789 2322 3867; x_wconf 86' lang='lat' dir='ltr'><strong>dictae</strong></span> <span class='ocrx_word' id='word_1_184' title='bbox 2369 3792 2681 3868; x_wconf 84' lang='lat' dir='ltr'><strong>ciuitatis</strong></span> 
     </span>
     <span class='ocr_line' id='line_1_31' title="bbox 511 3893 2678 3998; baseline 0 -27"><span class='ocrx_word' id='word_1_185' title='bbox 511 3893 965 3998; x_wconf 84' lang='lat' dir='ltr'><strong>Sopronien.</strong></span> <span class='ocrx_word' id='word_1_186' title='bbox 1015 3898 1397 3997; x_wconf 80' lang='lat' dir='ltr'><strong>personis·‚</strong></span> <span class='ocrx_word' id='word_1_187' title='bbox 1452 3913 1533 3972; x_wconf 79' lang='lat' dir='ltr'><strong>vt</strong></span> <span class='ocrx_word' id='word_1_188' title='bbox 1562 3914 1900 3973; x_wconf 90' lang='lat' dir='ltr'><strong>tenorem</strong></span> <span class='ocrx_word' id='word_1_189' title='bbox 1940 3898 2368 3975; x_wconf 90' lang='lat' dir='ltr'><strong>earumdem</strong></span> <span class='ocrx_word' id='word_1_190' title='bbox 2410 3900 2678 3975; x_wconf 82' lang='lat' dir='ltr'><strong>littera-</strong></span> 
     </span>
     <span class='ocr_line' id='line_1_32' title="bbox 510 3989 2679 4111; baseline 0 -33"><span class='ocrx_word' id='word_1_191' title='bbox 510 4028 679 4078; x_wconf 88' lang='lat' dir='ltr'><strong>rum</strong></span> <span class='ocrx_word' id='word_1_192' title='bbox 727 4000 1118 4077; x_wconf 87' lang='lat' dir='ltr'><strong>transcribi</strong></span> <span class='ocrx_word' id='word_1_193' title='bbox 1164 4020 1241 4078; x_wconf 88' lang='lat' dir='ltr'><strong>et</strong></span> <span class='ocrx_word' id='word_1_194' title='bbox 1282 3989 1745 4098; x_wconf 71' lang='lat' dir='ltr'><strong>transsumi,¹</strong></span> <span class='ocrx_word' id='word_1_195' title='bbox 1768 4021 2183 4108; x_wconf 83' lang='lat' dir='ltr'><strong>nostroque</strong></span> <span class='ocrx_word' id='word_1_196' title='bbox 2218 4004 2457 4111; x_wconf 81' lang='lat' dir='ltr'><strong>sigillo</strong></span> <span class='ocrx_word' id='word_1_197' title='bbox 2509 4031 2679 4081; x_wconf 88' lang='lat' dir='ltr'><strong>con·</strong></span> 
     </span>
     <span class='ocr_line' id='line_1_33' title="bbox 509 4106 2673 4216; baseline -0 -31"><span class='ocrx_word' id='word_1_198' title='bbox 509 4110 779 4215; x_wconf 67' lang='lat' dir='ltr'><strong>signari</strong></span> <span class='ocrx_word' id='word_1_199' title='bbox 831 4107 1080 4185; x_wconf 83' lang='lat' dir='ltr'><strong>facere</strong></span> <span class='ocrx_word' id='word_1_200' title='bbox 1147 4106 1678 4216; x_wconf 82' lang='lat' dir='ltr'><strong>dignaremur3</strong></span> <span class='ocrx_word' id='word_1_201' title='bbox 1762 4112 1973 4191; x_wconf 87' lang='lat' dir='ltr'><strong>cuius</strong></span> <span class='ocrx_word' id='word_1_202' title='bbox 2043 4131 2258 4194; x_wconf 84' lang='lat' dir='ltr'><strong>tenor</strong></span> <span class='ocrx_word' id='word_1_203' title='bbox 2312 4113 2473 4191; x_wconf 87' lang='lat' dir='ltr'><strong>talis</strong></span> <span class='ocrx_word' id='word_1_204' title='bbox 2534 4128 2673 4190; x_wconf 86' lang='lat' dir='ltr'><strong>est:</strong></span> 
     </span>
    </p>
   </div>
  </div>
 </body>
</html>
