2875 4842
2004 429 2150 498 14⁷

144 661 262 740 que
288 635 760 742 Episcopatui,
815 654 892 713 et
924 621 1304 738 praedicto
1349 631 1677 707 Domino
1721 632 2058 712 Andreae
2083 638 2257 741 Epi-

141 768 356 845 scopo,
398 761 471 821 et
498 745 635 838 sibi
676 742 1251 819 succedentibus
1292 758 1366 814 et
1395 742 1556 814 iure
1595 738 2004 820 donationis
2040 742 2258 820 dede·

140 870 279 926 runt
296 877 528 926 coram
559 848 1293 956 Nobis—perpetuo
1330 844 1883 949 possidendam3
1939 847 2109 924 nihil
2132 850 2256 925 do·

140 958 302 1032 minii
337 1003 433 1018 —-
470 1000 579 1016 —
613 999 720 1014 —
772 976 1219 1035 assumentes
1261 952 1740 1054 (euictionem
1786 955 2128 1059 legalem)
2166 958 2250 1031 In

139 1066 301 1138 cuius
333 1067 756 1141 memoriam
793 1103 887 1150 -,-·
933 1066 1203 1141 Datum
1237 1104 1346 1136 2·-
1380 1102 1483 1118 ·-
1519 1103 1646 1126 —-·
1679 1063 1901 1160 Anno
1953 1061 2255 1160 (nume-
2335 1121 2347 1140 ,

137 1195 231 1243 ms
262 1188 358 1244 est
399 1168 759 1264 detritus).

198 1314 279 1375 Ex
309 1319 546 1378 arehiuo
574 1319 841 1395 Capituli
880 1273 1099 1380 Alb'en.
1135 1317 1443 1378 Transilu.
1486 1318 1688 1379 Fusci.
1721 1315 1830 1378 lv.
1873 1331 1985 1379 nro
2021 1320 2127 1381 38.
2246 1379 2255 1395 ‚

1008 1537 1329 1614 XXVII.

142 1689 409 1759 capitulum
444 1693 703 1747 Budense
734 1694 801 1747 de
828 1696 1193 1764 possessione
1223 1696 1465 1767 quadam
1494 1696 1693 1749 leand
1705 1733 1725 1762 ,
1764 1699 1907 1750 Cou-
1938 1697 2087 1755 Bau
2114 1718 2254 1755 vm-

281 1780 399 1835 dita
412 1782 719 1853 fossiones
747 1785 881 1840 edit.
917 1784 986 1838 A.
1029 1781 1191 1839 1384·

276 1905 510 1986 Litera
541 1908 860 2012 Capituli
911 1909 1261 1985 Budensis
1285 1909 1521 1986 Nobis
1560 1928 2063 2013 praesentata,
2105 1932 2256 1991 ter-

135 2014 208 2085 tio
243 2012 347 2089 die
380 2014 553 2093 festi
603 2018 805 2090 Beati
845 2015 1185 2092 Andreae
1222 2017 1591 2119 Apostoli.
1671 2019 1891 2095 Anno
1954 2021 2254 2097 Domini

136 2114 472 2197 Millesimo
513 2124 1071 2198 Trecentesimo
1111 2129 1608 2227 octuagesimo
1657 2144 1928 2228 quarto
1983 2145 2251 2230 paten-

134 2239 214 2299 ter
242 2246 594 2324 emanata,
627 2231 1128 2306 continuerat:
1165 2231 1566 2322 Quomodo
1605 2229 1970 2307 Strenuus
2013 2233 2250 2328 Miles,

132 2327 428 2432 Magister
468 2334 830 2428 Joannes,
881 2362 972 2412 ac
1011 2336 1333 2413 ‚lacobus
1372 2353 1451 2411 et
1497 2333 1875 2413 Ladislaus
1914 2336 2040 2411 filii
2085 2340 2253 2415 Cle-

56 2485 57 2514 :
130 2431 345 2514 mentis
373 2438 466 2516 de
502 2440 788 2544 Telegd
812 2496 835 2534 ,
890 2441 983 2517 ab
1022 2470 1201 2536 vna,
1259 2461 1468 2545 parte
1506 2469 1689 2519 vero
1728 2443 1821 2517 ab
1852 2444 2081 2519 altera
2115 2444 2253 2522 Se·

129 2539 443 2623 bastianus
493 2547 907 2643 LiteratuS,
980 2546 1172 2625 filius
1235 2548 1565 2624 'rhomae
1613 2549 1708 2624 de
1762 2549 1943 2625 Bela
1998 2575 2247 2627 coram

127 2644 257 2751 ipso
294 2652 629 2757 Capitulo
667 2656 1154 2756 personaliter
1194 2655 1615 2749 constituti,
1649 2656 1877 2757 ydem
1917 2657 2248 2759 Magistri

125 2752 431 2853 loannes,
485 2760 809 2836 Jacobus
845 2780 922 2837 et
966 2761 1330 2838 Ladislaus
1353 2814 1381 2851 ,
1439 2759 1760 2839 confessi
1800 2763 2242 2842 extitissent:

124 2858 299 2947 Quod
325 2866 461 2971 ipsi
486 2864 858 2968 quandam
879 2871 1404 2973 possessionem
1432 2869 1795 2975 ipsorum,
1825 2869 2081 2944 Leand
2096 2895 2246 2945 vo-

122 2985 340 3058 catam,
393 2976 485 3078 in⁸
521 2972 901 3050 Comitem
957 2977 1333 3062 Bar-sensi,
1387 2979 1591 3051 iuxta
1629 2973 1941 3050 fluuium
1993 2979 2243 3054 Garan

118 3066 392 3153 habitam
425 3106 597 3155 cum
633 3083 980 3159 omnibus
1014 3084 1160 3156 suis
1197 3080 1627 3157 vtnlitatibus
1664 3108 1746 3155 ac
1776 3080 2101 3157 Ecclesia
2138 3084 2241 3158 la-

120 3179 293 3280 pidea
327 3186 399 3259 in
443 3187 705 3262 eadem
752 3187 840 3262 ad
883 3185 1245 3264 honorem
1282 3187 1532 3264 Sancti
1573 3186 1868 3263 Nicolai
1921 3186 2243 3264 Confes-

116 3290 262 3365 soris
315 3312 783 3389 constructa,
856 3295 1169 3394 aliisque
1221 3294 1466 3370 vsibus
1533 3305 1608 3369 et
1663 3294 2239 3399 proprietatibus

114 3394 401 3493 praefato
444 3401 804 3501 Magistro
840 3397 1267 3477 Sebastiano
1309 3418 1385 3475 et
1450 3400 1496 3474 J
1503 3402 1719 3478 oanni
1743 3456 1766 3491 ,
1843 3401 2054 3474 fratri
2094 3428 2233 3478 suo

115 3504 396 3594 vterino,
451 3525 533 3583 et
565 3506 898 3584 Ladislao
939 3507 1090 3582 filio
1128 3506 1456 3583 eiusdem
1493 3510 1541 3583 J
1546 3509 1838 3601 oannis,
1893 3505 2235 3586 haeredi-

116 3598 358 3712 busque
395 3639 658 3690 eorum
705 3639 844 3715 pro
875 3613 1097 3690 Mille*
1125 3612 1466 3704 florenis,
1510 3629 1604 3690 'vt
1637 3612 2022 3708 dixissent,
2078 3615 2233 3717 ple-

116 3734 183 3785 ne
215 3717 299 3791 ab
334 3718 611 3795 eisdem
647 3723 1004 3825 receptis,
1060 3739 1137 3797 et
1179 3718 1481 3814 habitis,
1536 3718 2028 3795 vendidissent
2064 3724 2228 3798 iure

120 3837 434 3925 Perpetuo
472 3845 550 3902 et
582 3826 1173 3903 irreuocabiliter
1211 3825 1764 3930 possidendam,
1818 3827 1957 3904 sub
2000 3829 2226 3931 exp'e·

120 3920 333 4005 ditm-ia
368 3935 712 4010 cautione
735 3988 760 4031 ,
793 3932 1371 4034 conditioneque
1408 3931 1635 4008 literis
1672 3935 1748 4008 in
1792 3932 2067 4009 eisdem
2100 3932 2225 4012 de-

119 4026 409 4115 dmta.“

180 4159 260 4224 Ex
284 4165 734 4234 adiudicaturus
757 4170 1001 4233 Nicolai
1026 4168 1103 4233 de
1132 4170 1302 4233 Gara
1333 4185 1491 4231 anno
1526 4171 2066 4326 1415ὶ31ἱιιυιίίε.
