2875 4842
690 490 843 562 612

586 716 806 805 cepto
844 696 1152 776 firmiter
1195 696 1675 794 mandamus,
1727 710 1808 774 ut
1862 717 1940 778 et
1984 698 2125 803 ipsi
2178 721 2393 774 more
2451 697 2789 774 aliorum

585 805 1178 910 supradictorum
1212 830 1407 909 opus
1449 822 1674 909 atque
1727 804 2018 883 labores
2068 802 2579 882 antefatarum
2633 805 2787 882 fos

584 933 911 992 satorum
947 911 1265 989 debeant
1302 913 1561 1012 utique
1599 916 2037 990 continuare
2073 930 2151 988 et
2186 911 2589 1016 expedire,
2642 909 2787 989 sub

587 1022 848 1126 poenis
879 1019 1337 1124 supradictis.
1395 1023 1668 1096 Datum
1696 1042 1780 1131 ut
1816 1047 2082 1125 supra,
2137 1021 2293 1096 sine
2330 1018 2632 1123 sigillo.

667 1162 1023 1240 Nimiopere
1070 1165 1344 1237 erraret,
1393 1163 1495 1238 qui
1534 1180 1570 1224 e
1614 1168 1822 1224 tenore
1874 1165 2058 1238 hujns
2092 1162 2355 1223 mandati
2391 1161 2784 1222 concludere

773 1267 999 1343 vellet,
1035 1265 1318 1325 Civitatis
1352 1265 1749 1327 Posouiensis
1776 1267 2049 1337 moenia,
2095 1258 2369 1338 fossata,
2414 1267 2781 1340 vallatoque

765 1383 929 1428 nune
968 1368 1224 1444 primum
1254 1368 1491 1427 initium
1524 1384 1810 1447 sumere:
1854 1366 2225 1427 adei-antea
2272 1371 2396 1442 J’am
2436 1372 2665 1440 antea,
2710 1372 2781 1427 et

768 1470 1004 1549 quidem
1033 1469 1308 1530 ducentis
1346 1470 1524 1529 annis
1562 1485 1676 1546 per
1704 1472 1920 1546 prius3
1969 1484 2130 1528 nunc
2176 1472 2390 1530 saltem
2450 1473 2777 1546 reparatio

766 1589 976 1635 eorum
1009 1568 1355 1648 disponitur
1380 1576 1630 1648 propter
1659 1578 1887 1633 metum
1939 1572 2350 1632 Hussltarum.
2394 1573 2495 1632 Ex
2542 1576 2775 1631 autho-

761 1676 994 1752 grapho
1050 1675 1407 1734 transumit
1463 1677 1525 1734 et
1571 1674 2034 1734 communicavit
2080 1673 2399 1751 Georgius
2433 1672 2773 1748 Ε’πίκο-

759 1783 909 1850 vita.

1371 1960 1935 2041 CCLXXXIX.

570 2109 798 2165 fitam
827 2106 987 2163 Petri
1022 2105 1271 2161 Henn'cz‘
1315 2104 1381 2160 de
1417 2104 1737 2159 sanwic:
1756 2137 1776 2164 ,
1826 2105 1966 2156 Tav-
2012 2101 2182 2174 regal.
2219 2101 2506 2173 Mag-iuri
2549 2092 2639 2157 a'd
2675 2108 2772 2158 οἱ.

765 2200 998 2256 uitatem
1043 2202 1268 2256 Poto»,
1301 2209 1364 2249 vt
1414 2196 1554 2249 duos
1601 2195 1848 2248 nuncios
1888 2194 1971 2247 ad
2001 2195 2179 2247 aedem
2228 2194 2672 2249 Taua-nicalai·
2710 2198 2773 2249 ἐι

755 2294 980 2351 oceanis
1012 2289 1372 2364 spipbam‘aae
1399 2288 1787 2352 celebrandam
1815 2287 2051 2359 deputet.
2106 2288 2176 2342 A.
2214 2284 2369 2341 1427.

764 2406 1006 2485 Amici
1059 2406 1280 2505 nobis
1335 2405 1709 2481 carissimi.
1802 2400 2223 2497 Noveritis,
2278 2404 2483 2507 quod
2538 2432 2767 2505 quam

578 2518 1059 2625 plurimarum
1115 2512 1559 2590 serenissimi
1606 2511 1904 2589 Domini
1956 2510 2190 2586 nostri
2224 2511 2451 2610 Regis
2490 2513 2767 2590 Civita-

573 2643 728 2700 tum
789 2626 1004 2699 Cives
1052 2639 1126 2696 et
1169 2619 1467 2695 Incolae
1518 2616 1627 2695 bis
1681 2645 1897 2721 prox·
1944 2619 2357 2720 praeteritis
2395 2622 2773 2724 tempori·

572 2732 721 2808 bus
781 2728 1008 2804 Suam
1070 2726 1568 2810 Maiestatem,
1643 2724 1822 2800 dum
1884 2750 2016 2801 sua
2075 2726 2309 2825 Regia
2379 2726 2772 2804 celsitudo

574 2841 1014 2940 Regnorum
1082 2860 1388 2910 suorum
1444 2830 1956 2939 confiniorum
2013 2832 2505 2935 protectioni,
2594 2862 2772 2911 cou-

577 2962 689 3022 tra
726 2941 1184 3020 saevissimos
1209 2940 1498 3015 Tui-cos
1528 2966 1678 3027 non
1721 2938 2019 3015 modico
2056 2938 2316 3014 labore
2352 2940 2769 3029 insistebat,

578 3048 1044 3159 querulando
1100 3062 1600 3147 occuparunt,
1656 3063 1915 3121 contra
1965 3072 2230 3121 eorum
2275 3063 2354 3122 et
2401 3044 2771 3126 Molesta·

575 3177 779 3237 tores
834 3182 879 3231 a
937 3154 1091 3229 Sua
1151 3151 1538 3231 Maiestate
1595 3152 1734 3228 sibi
1791 3152 2161 3229 Justitiam
2220 3149 2381 3231 fieri
2441 3156 2771 3257 postula·

580 3264 800 3357 bant,
880 3260 1153 3366 quibus
1205 3278 1385 3338 tunc
1455 3258 1919 3364 temporibus
1965 3275 2280 3364 propter
2329 3260 2645 3338 eosdem
2694 3277 2767 3338 et

580 3372 801 3449 etiam
851 3384 1162 3475 propter
1213 3365 1386 3442 alias
1423 3365 1893 3445 rationabiles
1925 3366 2195 3442 Causas
2245 3368 2616 3470 nequibat
2651 3371 2767 3443 iu-

578 3480 818 3555 stitiae
880 3472 1420 3582 plenitudinem
1462 3473 1917 3566 ministrare3
1992 3491 2066 3549 et
2124 3473 2299 3577 quia
2342 3500 2476 3550 sua
2525 3476 2768 3579 Regia

578 3586 925 3660 Maiestas
963 3578 1355 3688 praedictis
1402 3579 1707 3657 Civibus
1748 3599 1824 3667 et
1873 3580 2141 3657 Incolis
2189 3604 2277 3655 ac
2312 3606 2581 3660 eorum
2624 3584 2771 3658 cui·

578 3690 760 3766 libet
795 3715 930 3791 per
963 3706 1247 3765 vestros
1278 3714 1364 3765 ac
1402 3689 1621 3764 etiam
1652 3713 1795 3793 per
1827 3688 2131 3764 aliarum
2174 3685 2373 3764 Suae
2408 3685 2768 3765 Maiesta-

583 3799 674 3874 tis
708 3788 1101 3872 Civitatum
1137 3795 1185 3868 J
1189 3811 1435 3871 uratos
1476 3795 1688 3871 Cives
1721 3793 1815 3870 ad
1870 3791 2016 3870 hoc
2056 3812 2266 3899 aptos
2302 3812 2375 3869 et
2408 3789 2765 3889 idoneoS,

584 3929 775 4009 quos
806 3927 935 3977 vos
967 3899 1061 3975 de
1101 3900 1393 3985 Vestri,
1450 3920 1527 3978 et
1567 3898 1876 3977 eaedem
1917 3902 2269 3978 Ciuitates
2306 3899 2401 3977 de
2432 3903 2761 4005 ipsarum

453 4082 462 4095 .
576 4011 838 4089 mediis
886 4005 1241 4084 duxeritis
1292 4005 1715 4112 eligendos,
1771 4008 1931 4086 vult
1978 4027 2054 4084 et
2107 4010 2466 4084 commisit
2508 4009 2759 4085 iudicii

547 4136 652 4196 -et
681 4117 1004 4197 iustitiae
1035 4113 1686 4220 complementum
1716 4115 2102 4221 impertiri.
2180 4116 2422 4218 Igitur
2460 4143 2597 4193 vos
2630 4142 2755 4191 au·

473 4304 476 4311 ,
573 4226 918 4304 ctoritate
973 4221 1205 4331 Regia
1265 4239 1342 4299 et
1396 4223 1930 4301 commissione
1974 4221 2189 4311 nobis
2241 4224 2315 4338 in
2364 4221 2501 4299 bac
2544 4240 2751 4329 parte
