2875 4842
2029 470 2178 542 153

142 685 342 769 timis,
395 697 474 758 et
514 679 755 757 Judex
827 678 1370 772 Cumanorum,
1424 677 1831 766 memoriae
1888 707 2286 766 commen-

138 789 362 865 dantes
427 805 691 872 tenore
736 806 1229 891 praesentium
1286 783 1786 887 significamus
1828 789 2099 891 quibus
2156 816 2285 874 exv

143 893 760 999 pedit.vniuersist
818 893 1043 981 Quod
1096 920 1273 972 num
1319 892 1748 985 Farkasius,
1785 894 1994 974 'lilius
2045 899 2285 972 Joan·

138 1006 227 1078 nis
262 1021 333 1078 et
361 1003 728 1092 sumbus,
785 999 972 1075 filius
1016 1001 1354 1077 Andreae
1396 1000 1491 1074 de
1537 1001 1898 1098 Szkaros,
1951 1003 2032 1077 in
2067 1029 2287 1079 causa

139 1110 299 1185 inter
329 1110 570 1211 ipsos,
625 1127 707 1182 vt
729 1108 807 1181 in
835 1134 1128 1183 causam
1164 1123 1556 1198 attractos,
1612 1107 1705 1182 ab
1744 1137 1910 1201 vna,
1965 1127 2043 1206 et
2085 1111 2285 1198 inter

141 1210 598 1318 Stephanum,
654 1214 886 1290 filium
927 1213 1219 1292 Nicolai
1276 1214 1371 1289 de
1407 1212 1670 1291 eadem
1702 1215 2058 1311 Szkaros,
2115 1218 2287 1296 vel·

140 1322 226 1395 uti
264 1340 621 1417 actorem,
660 1340 866 1425 parte
902 1321 996 1395 ab
1041 1322 1315 1409 altera,
1349 1321 1425 1394 in
1463 1318 1661 1397 facto
1692 1321 2071 1397 cuiusdam
2118 1348 2288 1427 pos-

139 1430 576 1504 sessionariae
633 1427 999 1533 portionis
1054 1428 1369 1504 condam
1412 1427 1752 1520 Alberti,
1803 1428 1934 1504 filii
1978 1429 2285 1521 Jacobi,

141 1528 253 1606 filii
294 1532 502 1627 Elek,
564 1540 643 1610 in
702 1534 961 1609 eadem
996 1534 1339 1623 ΞΛΜ-οε,
1398 1536 1775 1611 existentis
1804 1591 1827 1626 ,
1883 1535 1959 1610 in
2004 1539 2285 1620 octanis

137 1638 274 1714 festi
314 1641 877 1746 Epiphaniarum
911 1644 1508 1724 Dominicoram‘
1539 1642 1752 1717 nobis
1792 1641 2063 1732 habits,
2103 1667 2284 1718 con·

137 1763 231 1820 tra
278 1761 593 1832 eundem
648 1746 1157 1852 Stephanum,
1226 1747 1457 1826 filium
1517 1748 1856 1844 Nicolai,
1932 1747 2288 1850 quasdam

138 1851 345 1930 literas
408 1857 739 1960 Magistri
800 1855 1216 1947 Benedicti,
1298 1854 1584 1938 Judicis.
1649 1857 1918 1936 Curiae
1986 1857 2286 1938 Domini

139 1957 504 2062 Stephani,
563 1963 742 2044 olim
791 1967 984 2065 regis
1044 1963 1503 2063 Hungariae,
1563 1964 2107 2069 priuilegiales„
2163 1981 2285 2042 te·
2331 2027 2342 2034 .

137 2070 310 2144 noris
363 2067 816 2170 infrascripti
848 2125 871 2158 ‚
954 2072 1188 2147 nostri
1232 2071 1337 2150 in,
1367 2073 1852 2174 praesentiam
1899 2069 2288 2154 exhibuis-

138 2193 311 2266 sent,
365 2204 547 2254 mox
584 2176 785 2252 idem
841 2176 1257 2280 Stephanus
1296 2180 1789 2283 personaliter
1827 2179 1904 2253 in
1959 2196 2287 2260 nostram

136 2287 594 2382 praesentiam
644 2284 1122 2384 exurgendo,
1178 2301 1255 2360 et
1316 2282 1751 2376 Nicolaum,
1809 2283 2044 2359 fllium
2094 2282 2289 2356 Ven-

137 2387 358 2483 ceslai,
413 2392 614 2467 inter
664 2390 848 2466 alios
910 2392 985 2466 in
1035 2390 1315 2466 eisdem
1370 2391 1626 2465 litteris
1701 2387 2287 2494 priuilegialihus

139 2497 611 2598 conscriptos,
669 2515 1155 2575 memoratum
1195 2499 1613 2601 genitorem
1655 2496 2013 2598 praedicti
2049 2496 2279 2570 Nico·

136 2598 215 2673 lai
256 2602 478 2679 Patris
517 2605 634 2679 sui
689 2602 850 2680 fore
902 2606 1335 2694 asserendo,
1392 2630 1527 2680 nos
1564 2605 1643 2680 in
1689 2630 1787 2680 eo
1829 2599 2085 2680 humili
2129 2630 2289 2705 par-

138 2708 290 2781 tium
343 2734 521 2792 cum
565 2713 903 2785 instantia
959 2712 1401 2815 postulauit,
1459 2727 1538 2786 vt
1573 2729 1910 2812 tenorem
1958 2714 2285 2813 ipsarum

137 2810 511 2892 litterarum
587 2819 1194 2921 priuilegialium,
1273 2816 1530 2892 litteris
1607 2820 1882 2893 nostris
1954 2813 2291 2892 similiter

134 2920 687 3023 priuilegialibus
727 2926 1120 3000 transcribi
1149 2942 1224 2999 et
1256 2925 1610 3001 transumi
1653 2922 1896 3000 facere
1920 2980 1943 3016 ,
1996 2921 2290 3022 sibique

133 3023 283 3100 dare
318 3028 797 3132 dignaremur
836 3028 929 3104 ad
989 3030 1383 3125 cautelam3
1442 3058 1758 3131 quarum
1815 3029 2116 3133 quidem
2178 3030 2290 3103 tit·

134 3146 429 3210 terarum
479 3136 1049 3243 priuilegialium
1089 3140 1317 3241 ipsius
1371 3137 1708 3238 Magistri
1757 3136 2146 3220 Benedicti
2167 3151 2292 3210 tae-

132 3262 254 3312 nor
296 3268 432 3345 per
467 3245 715 3322 omnia
760 3242 922 3319 talis
959 3262 1109 3322 est:
1188 3242 1344 3322 Nos
1394 3239 1520 3316 Μι1
1562 3242 1999 3330 Benedictus
2037 3243 2137 3332 (v.
2181 3265 2293 3328 su·

135 3368 245 3444 pra
272 3375 465 3426 anno
494 3350 759 3443 1266.)
795 3340 963 3425 Nos’
997 3353 1225 3456 igitur
1266 3345 1734 3451 praemissam
1774 3347 2102 3439 eiusdem
2130 3346 2294 3428 Ste-

135 3446 328 3549 phani
367 3456 804 3555 petitionem
841 3482 935 3558 eo
957 3510 985 3547 ,
1045 3455 1253 3561 quod
1293 3455 1497 3534 idem
1542 3453 1740 3534 filius
1773 3456 2062 3536 Nicolai
2086 3509 2109 3547 ,
2165 3445 2294 3532 filii

214 3559 469 3639 aedicti
513 3561 848 3657 Nicolai,
902 3561 1035 3642 filii
1086 3561 1505 3640 Wenceslai
1521 3614 1549 3651 ,
1605 3564 1771 3639 fore
1815 3588 2078 3642 reuera
2124 3586 2293 3664 per·

180 3661 431 3763 ’betur,
486 3672 753 3744 nietam
792 3686 868 3743 et
904 3672 1049 3747 iuri
1076 3695 1483 3750 consonam
1518 3667 1683 3744 fore
1727 3685 2154 3756 censentes,
2186 3683 2293 3742 te-

137 3790 371 3848 norem
408 3767 732 3880 ipsarum
788 3774 1167 3856 literarum
1200 3774 1814 3881 priuilegialium,
1866 3802 2021 3856 non
2069 3772 2296 3852 abra-

141 3896 393 3994 tgrum,
448 3908 602 3960 non
634 3882 1244 3975 cancellatarum,
1306 3907 1448 3964 nec
1492 3885 1566 3960 in
1614 3879 1870 3987 aliqua
1922 3899 2135 3986 parte
2175 3881 2298 3953 vi-

147 3999 468 4064 matarum
492 4045 516 4078 ‚
574 3987 727 4064 imo
764 3991 971 4070 omni
1002 3987 1440 4094 suspicionis
1481 3986 1680 4070 vicio
1717 3990 2154 4078 carentium,
2192 3982 2288 4061 de

140 4088 352 4168 ,ἵει-ΒΟ
404 4090 498 4170 ad
545 4093 859 4174 verbum
878 4149 902 4190 ‚
953 4094 1468 4202 praesentibus
1513 4094 1782 4180 litteris
1834 4096 2104 4176 nostris
2139 4092 2291 4194 pti·

154 4190 615 4300 thihm,
666 4195 1010 4299 inscribi,
1048 4221 1125 4281 et
1159 4202 1386 4282 inseri
1422 4200 1798 4295 faciendo,
1839 4199 2083 4280 eidem
2117 4198 2281 4277 Ste-
