2875 4842
631 386 785 458 328

525 596 1120 699 augmentatione
1159 594 1615 692 deuotionis,
1671 594 2055 673 Nobilium
2112 621 2199 674 ac
2233 591 2493 699 populi
2537 594 2703 669 tofi-

524 728 611 779 us
630 753 654 794 ‚
708 704 1037 780 omnium
1086 700 1420 792 Fratrum
1475 720 1552 780 et
1599 700 1962 780 Sororum
2006 722 2155 780 tam
2201 702 2702 804 praesentium

515 833 748 913 quam
794 807 1211 904 futurorum
1269 808 1821 886 adhaerentium
1873 810 2354 886 subleuamen
2396 807 2699 911 spiritu·

525 917 686 1010 ale,
740 918 1404 1021 vniuersorumque
1450 915 1773 994 fidelium
1814 916 2382 1008 defunctorum,
2436 929 2516 988 et
2544 939 2697 988 ma·

524 1022 725 1097 xime
767 1016 1330 1099 benefactorum
1368 1038 1796 1099 nostrorum
1835 1021 2401 1124 indulgentiam,
2457 1034 2534 1093 et
2579 1044 2696 1093 re-

522 1127 949 1205 missionem
982 1147 1499 1233 peccatorum‚
1554 1155 2117 1236 poenarumque
2153 1126 2694 1204 alleuiationem

519 1237 985 1339 congregatis
1026 1235 1313 1312 ciuibus
1348 1256 1425 1313 et
1461 1262 1556 1312 ex
1594 1241 1850 1340 queuis
1894 1254 2105 1341 parte
2142 1235 2400 1310 mundi
2454 1255 2697 1307 sacer·

525 1340 822 1417 dotibus
886 1359 1060 1419 tunc
1116 1343 1754 1419 commorantibus
1810 1344 2154 1445 Bagusii,
2226 1338 2697 1415 currentibus

524 1448 733 1522 annis
786 1448 1218 1542 millesimo,
1273 1449 1837 1545 trecentesimo,
1891 1450 2360 1552 nonagesimo
2407 1448 2699 1551 primo,

513 1553 937 1632 —Indictione
989 1555 1198 1630 XIII.
1265 1555 1386 1631 die
1457 1559 1597 1632 XI.
1662 1557 2028 1660 Augusti,
2103 1571 2438 1657 tempore
2466 1607 2488 1646 ‚
2545 1577 2697 1654 quo

525 1659 647 1736 vir
694 1661 883 1736 Ven.
926 1663 1048 1739 Fr.
1089 1657 1424 1738 Andreas
1468 1663 1564 1748 de
1610 1663 1882 1739 Durac.
1944 1659 2241 1736 Ordinis
2301 1657 2698 1736 Praedicat.

525 1765 708 1841 olim
756 1767 1192 1844 Prouincias
1231 1767 1637 1846 Dalmatiae
1674 1771 1891 1848 Prior
1934 1766 2463 1860 Prouincialis,
2499 1790 2699 1867 prae-

524 1871 815 1949 sidebat
861 1867 1231 1952 Ecclesiae
1283 1877 1699 1981 Ragusinae
1770 1874 2411 1981 Arcbiepiscopali
2470 1870 2699 1948 infula

528 1977 963 2073 decoratus,
1028 1978 1122 2057 de
1189 1980 1522 2058 eiusdem
1582 1983 1977 2061 voluntate
2014 2002 2092 2059 et
2145 2005 2510 2058 consensu
2538 2035 2561 2072 ,
2616 2003 2701 2054 ac

530 2089 755 2161 totius
805 2084 1129 2191 Capituli
1186 2086 1517 2165 eiusdem
1567 2088 1986 2183 Ecclesiae,
2048 2114 2215 2165 cum
2270 2085 2494 2163 laude
2552 2085 2702 2161 Do-

531 2193 778 2286 minii,
832 2196 1206 2297 totiusque
1257 2196 1516 2300 populi
1561 2196 1930 2301 praefatae
1959 2196 2316 2287 Ciuitatis,
2370 2191 2464 2268 ad
2496 2217 2705 2267 oscu-

536 2297 692 2374 lum
721 2304 959 2404 pacis,
1012 2327 1101 2378 ac
1145 2303 1223 2377 in
1254 2303 1623 2380 viceribus
1662 2302 2027 2381 charitatis
2073 2302 2417 2392 fecerunt
2460 2317 2543 2375 et
2588 2325 2700 2374 or·

533 2402 977 2484 dinauerunt
1040 2409 1729 2513 congregationem,
1830 2437 1960 2487 seu
2034 2409 2701 2486 confraternitatem

461 2581 465 2586 .
533 2513 674 2588 sub
714 2514 1014 2592 nomine
1042 2530 1124 2592 et
1155 2515 1518 2592 vocabulo
1566 2519 1653 2594 B.
1694 2519 1895 2594 Petri
1935 2516 2470 2619 Apostolorum
2514 2512 2708 2586 Prin·

536 2618 761 2720 cipis,
816 2621 1232 2698 iuramento
1274 2624 1596 2700 inuicem
1646 2623 1843 2701 facto
1879 2624 1974 2700 de
2024 2619 2170 2696 fide
2222 2639 2298 2697 et
2342 2617 2705 2722 legalitate

537 2741 906 2826 perpetuo
952 2728 1270 2802 inuicem
1323 2729 1736 2825 seruando,
1788 2732 1980 2806 sicut
2024 2724 2244 2805 decet
2284 2727 2597 2803 Sanctos
2633 2740 2708 2800 et

537 2831 865 2907 veritatis
913 2831 1412 2937 exemplares,
1467 2862 1640 2913 cum
1692 2837 2061 2943 aliquibus
2110 2833 2447 2940 capitulis
2497 2857 2707 2934 regu-

539 2934 699 3011 latis
738 2935 1259 3044 infrascriptis,
1313 2941 1409 3016 ad
1454 2944 1940 3021 conseruand.
1976 2960 2050 3019 et
2078 2939 2601 3017 manutenend.
2632 2935 2703 3012 d.

541 3039 1280 3145 Confraternitatem,
1357 3069 1722 3156 perpetuo
1786 3079 1937 3128 non
1995 3046 2500 3124 deserendam.
2578 3049 2708 3121 In·

535 3149 925 3230 stituentes
965 3181 1154 3232 vero
1193 3158 1437 3258 primo
1483 3159 1623 3235 sub
1675 3162 1845 3233 anni
1911 3156 2230 3232 tei-mino
2278 3173 2437 3231 tres
2475 3152 2711 3228 bonos

533 3258 739 3341 viros
806 3263 1087 3369 probos
1136 3292 1222 3339 ac
1280 3264 1427 3341 fide
1491 3262 1795 3371 dignos,
1856 3265 2147 3340 Petrum
2199 3259 2295 3338 de
2343 3256 2598 3336 Svinis
2637 3261 2709 3332 in

540 3365 938 3467 Driuasto,
994 3370 1290 3446 Petrum
1331 3371 1731 3477 Caputapis
1767 3369 1861 3446 de
1903 3371 2243 3460 Albania,
2299 3385 2372 3441 et
2417 3368 2711 3443 Petrum

541 3494 668 3569 qu.
705 3480 993 3557 Nicolai
1032 3480 1127 3556 de
1176 3478 1387 3557 Albia
1430 3478 1524 3555 de
1581 3481 1905 3583 Ragusio
1956 3474 2455 3565 Presbiteros,
2513 3471 2710 3548 habi·

543 3598 780 3663 tontes
827 3606 1004 3667 tunc
1041 3590 1119 3666 in
1164 3589 1238 3666 d.
1283 3587 1597 3668 Ciuitate
1643 3583 1941 3688 Bajulos
1971 3637 1992 3677 ,
2046 3585 2203 3658 siue
2256 3583 2710 3657 Procurato-

540 3715 701 3784 τεῦ,
756 3698 885 3797 qui
934 3714 1187 3775 tenere
1237 3696 1559 3772 debeant
1609 3710 1688 3770 et
1741 3690 2117 3769 custodire
2168 3713 2254 3763 ac
2306 3711 2709 3792 procurare

544 3793 788 3896 bona,
844 3822 1318 3905 augmentum
1377 3820 1455 3877 et
1504 3798 1936 3888 uilitatem,
1989 3798 2146 3873 siue
2214 3794 2713 3871 conseruatio-

544 3938 750 4006 nem,
791 3938 931 3989 nec
971 3939 1125 3988 non
1169 3930 1246 3987 et
1283 3907 1947 4016 perseuerantiam,
1987 3904 2709 4007 promissionumque

545 4017 1145 4098 obseruationem
1176 4009 1264 4093 d.
1287 4015 1781 4091 Fraternitatis
1816 4009 1911 4086 ad
1951 4034 2322 4115 praesens,
2354 4024 2429 4083 et
2467 4009 2545 4081 in
2588 4033 2709 4111 po-

541 4142 819 4207 sterum
872 4125 1016 4233 ipsi
1055 4132 1133 4203 et
1177 4147 1439 4201 eorum
1478 4118 1992 4211 successores,
2050 4116 2207 4219 qui⁴
2227 4141 2368 4219 pro
2425 4129 2708 4218 tempo·
