2875 4842
658 489 757 556 28

737 695 1153 798 Eapropter
1188 693 1564 789 Comites,
1622 696 2003 786 Bai-ones,
2046 670 2420 794 Dynast'ae
2444 746 2467 784 ,
2525 692 2717 766 Prae·

536 805 666 880 lati
726 805 942 881 etiam
1000 818 1209 876 extra
1265 808 1582 907 regnum
1648 806 1952 878 suismet
2014 801 2355 905 expensis
2416 799 2715 873 militare

460 940 499 971 ν
540 911 884 1013 obligati,
940 926 1017 984 et
1069 909 1161 981 ab
1222 936 1418 985 anno
1471 918 1701 986 1222.
1755 912 2070 1011 primum
2129 913 2536 983 immunes:
2595 900 2715 999 „Si

538 1021 702 1093 Rex
743 1035 953 1094 extra
999 1042 1313 1119 regnum
1365 1019 1781 1093 exercitum
1819 1015 2099 1090 ducere
2147 1013 2506 1108 voluerit,
2561 1039 2717 1087 ser-

536 1128 816 1201 nientes
852 1150 1022 1197 cnm
1076 1123 1240 1224 ipso
1278 1125 1388 1197 ire
1440 1150 1592 1215 non
1636 1140 2067 1212 teneantur,
2131 1124 2268 1196 nisi
2315 1150 2452 1226 pro
2509 1126 2717 1225 pccu'-

532 1234 652 1305 nia
703 1232 951 1339 ipsius*
1031 1227 1116 1303 Si
1156 1256 1333 1305 vero
1372 1258 1469 1305 ex
1506 1231 1811 1305 aduersa
1857 1246 2065 1332 parte
2099 1235 2474 1305 exercitus·
2505 1250 2718 1303 nvene-

490 1354 493 1357 ’
535 1341 633 1413 rit
664 1364 889 1442 snper
924 1359 1278 1439 reguum,
1333 1363 1596 1413 omnes
1654 1336 2165 1412 vniuersaliter
2207 1335 2384 1442 (pro
2425 1363 2553 1412 sua
2597 1359 2717 1437 pe·

730 1622 971 1694 nnissc3
1018 1620 1534 1695 Nobilitatemque
1569 1622 1936 1681 immunitate
1968 1636 2008 1678 a
2047 1616 2438 1679 conserendis
2479 1619 2536 1675 in
2571 1630 2717 1673 rem-

730 1725 1029 1799 publicam
1052 1723 1347 1784 subsidiis
1385 1725 1805 1809 constitutam:
1841 1738 1978 1783 cum
2000 1726 2198 1781 tamen
2229 1737 2305 1780 ea
2337 1719 2718 1793 sequentibus

728 1829 926 1903 pactis
959 1828 1371 1889 cardinalibus
1417 1830 1501 1889 sit
1532 1828 1777 1889 innixa:
1825 1828 1943 1902 Vt,
1987 1824 2272 1902 quidquid
2305 1825 2451 1891 boni
2488 1840 2597 1900 per
2632 1824 2718 1879 ia—

722 1933 904 1992 bores
938 1948 1083 1992 suos
1102 1934 1385 2006 aquirere
1416 1937 1689 2008 possent,
1713 1948 1885 1992 nemo
1919 1947 2130 1992 eorum
2155 1947 2387 2007 expers
2428 1931 2617 2017 esset.
2638 1953 2718 1968 -

726 2033 898 2107 Quod
929 2037 1051 2111 ipsi
1085 2040 1143 2096 et
1180 2037 1294 2096 filii
1327 2024 1536 2097 eorum
1568 2053 1870 2111 nunquam
1904 2052 1942 2096 a
1976 2038 2238 2097 consilio
2270 2035 2494 2112 Ducis,
2530 2037 2591 2094 et
2624 2020 2729 2092 ho?

724 2154 871 2197 nore
914 2141 1096 2214 regni
1138 2143 1379 2200 omnino
1408 2137 1870 2216 priuarentur.“
1916 2140 2103 2200 Beiae
2139 2139 2217 2199 R.
2251 2138 2405 2199 Not.
2431 2155 2565 2215 cap.
2608 2136 2719 2195 vl.

726 2240 825 2300 Ex
862 2244 1020 2318 ipsis
1054 2246 1229 2301 nemo
1275 2244 1337 2301 in
1374 2245 1733 2304 seruitutem
1761 2242 2103 2321 redigatur.
2152 2244 2251 2301 lili
2295 2245 2558 2302 militent
2605 2256 2715 2319 non

724 2346 1013 2407 serniant.
1059 2344 1244 2404 Decr.
1293 2345 1360 2408 S.
1408 2344 1623 2421 Steph.
1656 2347 1708 2407 Ι.
1743 2347 1892 2423 Cap.
1941 2352 2107 2409 4.—-
2136 2346 2478 2419 „Volumus
2517 2345 2716 2413 etiam,

728 2451 883 2520 quod
919 2463 1033 2506 nec
1066 2445 1238 2521 Nos,
1283 2462 1397 2507 nec
1434 2450 1668 2522 posteri
1715 2450 1948 2521 nostri,
2014 2451 2214 2522 aliquo
2250 2454 2522 2523 tempore
2569 2445 2717 2504 Ser·

724 2552 966 2608 utentes
1015 2552 1257 2625 capiant
1291 2552 1391 2610 vel
1427 2549 1775 2611 destruant:
1823 2551 1965 2611 Nisi
2022 2534 2214 2641 priino
2267 2553 2441 2610 citati
2493 2549 2715 2608 fuerint

722 2648 932 2707 ordine
986 2650 1305 2710 iudiciario
1367 2647 1711 2711 conuicti.“
1769 2652 1924 2712 And.
1970 2655 2158 2713 Decr.
2215 2655 2329 2713 An.
2382 2642 2572 2716 1222‘.
2603 2655 2713 2710 art.

725 2749 790 2807 2.
836 2750 1012 2811 Conf.
1059 2749 1359 2815 Verbocz.
1402 2753 1454 2811 Ι.
1495 2755 1591 2814 tit.
1633 2756 1696 2818 9.
1741 2754 2227 2832 Praerogatiuae
2274 2758 2391 2815 hae
2451 2750 2718 2815 subsiffia

732 2853 793 2910 in
828 2854 1235 2913 necessitates
1272 2855 1651 2929 reipublicae
1696 2856 2064 2917 conferenda
2097 2841 2450 2931 neutiquam
2497 2854 2717 2915 exclu-

730 2952 910 3030 dunt,
956 2953 1065 3014 sed
1093 2968 1208 3014 nec
1240 2958 1467 3016 collata
1509 2950 1869 3017 exinaniunt
1903 2959 2320 3036 nobilitatem3
2367 2961 2460 3017 vti
2508 2956 2719 3018 videre

727 3062 823 3116 est
879 3058 940 3115 in
989 3057 1206 3134 regnis
1272 3061 1459 3120 cultis
1507 3074 1580 3118 ac
1621 3058 1989 3120 florentibus
2029 3042 2334 3137 Europae:
2395 3062 2716 3134 Postquam
2745 3056 2792 3132 l·

726 3162 973 3220 seruitii
1006 3163 1104 3222 sui
1131 3165 1497 3239 primegenii
1529 3168 1700 3240 parte
1730 3166 1997 3225 maxima
2024 3168 2082 3224 in
2117 3165 2391 3227 subditos
2427 3183 2576 3227 suos
2611 3164 2719 3223 dc·

728 3272 969 3329 ualuata
1003 3265 1200 3347 (Anno
1238 3265 1458 3350 1⁷23.)
1498 3272 1597 3331 his
1629 3272 1848 3333 fundos
1882 3288 2027 3334 snos
2079 3276 2216 3334 iure
2259 3273 2716 3334 vsut'ructuario

727 3376 1082 3448 cesserant,
1126 3370 1337 3447 reipsa
1362 3373 1644 3448 stipendii
1686 3377 1974 3436 duntaxat
2007 3381 2105 3437 sui
2139 3378 2423 3437 militaris
2457 3362 2715 3454 parte'mss

728 3478 877 3549 quod
910 3477 984 3536 de
1018 3478 1257 3537 iustitia
1284 3477 1527 3558 fuerat,
1561 3483 2057 3559 transignarunt3
2100 3486 2495 3561 proprietatis
2525 3484 2717 3544 bene-

728 3585 891 3661 ficia,
941 3587 1000 3643 in
1037 3587 1329 3646 censibus
1369 3590 1561 3697 vulgo
1601 3590 1898 3665 fumariis,
1945 3592 2254 3653 laboribus
2292 3590 2716 3664 manualibus,

719 3694 788 3748 vt
827 3688 1036 3751 dicunt
1062 3695 1360 3771 robustis,
1407 3711 1482 3754 ac
1521 3700 1701 3755 nonis
1735 3695 2164 3771 productorum
2194 3703 2472 3777 partibus
2511 3700 2732 3776 potiti,-
2857 3718 2858 3727 ¹

721 3792 875 3868 quod
922 3796 1103 3855 iuste·
1123 3801 1451 3870 querantur
1473 3841 1500 3875 ,
1544 3816 1661 3860 non
1693 3800 1939 3862 habent.
1988 3803 2188 3863 Antea
2246 3801 2503 3865 Nobiles
2543 3804 2674 3864 suis
2697 3845 2720 3878 ,

634 3954 639 3959 ,
720 3912 869 3970 quas
894 3896 1272 3957 adduxerant
1307 3902 1368 3959 in
1403 3903 1630 3960 bellum
1652 3903 1961 3983 gentibus,
1999 3920 2116 3963 non
2151 3906 2472 3966 libertates
2498 3908 2715 3977 solum,

723 3999 833 4059 sed
865 4004 926 4059 et
954 4002 1396 4078 immunitates,
1442 4021 1516 4064 ac
1552 4005 1889 4086 stipendia,
1928 4008 2146 4068 salutis
2185 4009 2469 4083 publicae
2506 4022 2722 4083 cansa,

718 4105 998 4179 stipulari
1023 4103 1179 4162 baud
1214 4107 1656 4181 grauabnntur.
1705 4108 1999 4181 Aequitas
2037 4113 2135 4170 est
2166 4113 2360 4171 omnis
2399 4110 2720 4170 societatis

716 4205 1183 4267 summe-tum.
2383 4212 2404 4227 ⁸
