2875 4842
648 502 801 577 206

538 738 794 789 earum
842 735 991 786 non
1050 710 1413 788 venientia
1475 711 1551 786 in
1603 707 1910 813 Judicys
1964 711 2388 808 consvetia',
2442 727 2520 789 et
2581 737 2728 816 pro

540 847 690 896 non
745 815 1108 895 solutione
1161 859 1261 875 -·
1292 816 1773 895 'Judiciorum
1834 818 1912 892 in
1965 815 2254 922 dupplo
2306 820 2718 896 eorundem

538 922 1029 1000 mediantibus
1077 923 1337 1001 litteris
1385 927 1610 1028 ipsius
1642 923 1948 1003 Palatini
1994 924 2482 1002 Judicialibus
2523 929 2724 1000 exin-

539 1032 632 1106 de
667 1029 1024 1108 confectis
1086 1035 1429 1108 convinci
1464 1071 1567 1086 ·—--
1600 1072 1702 1085 ——-
1747 1031 2127 1134 postulans
2176 1030 2504 1136 prefatus
2554 1056 2724 1136 pro-

540 1156 849 1214 curator
885 1154 1406 1215 annotatorum
1444 1138 1766 1242 magistri
1789 1134 1983 1212 Petri
2006 1191 2031 1231 ‚
2087 1154 2161 1221 et
2193 1137 2506 1215 fratrum
2544 1135 2728 1242 ejus-

538 1246 708 1320 dem
742 1241 1018 1321 eisdem
1076 1246 1149 1316 in
1210 1248 1579 1348 premissis
1607 1245 1808 1317 Juris
1861 1243 2265 1344 equitatem
2311 1247 2725 1348 peripsum

542 1352 945 1426 Palatinum
1010 1348 1303 1453 elargiri
1338 1352 1684 1439 ,'verum
1742 1351 1916 1453 quia
1949 1349 2235 1452 prefate
2285 1353 2601 1446 Domine
2639 1350 2724 1423 fi-

498 1459 639 1551 „lie
684 1458 890 1531 Pauli
924 1453 1053 1557 fily
1104 1457 1371 1547 Hemi,
1429 1475 1508 1533 et
1556 1456 1811 1532 relicta
1863 1454 2224 1532 Iohannis
2267 1453 2401 1559 fily
2456 1456 2724 1532 Pethus

541 1569 613 1640 in
656 1562 1004 1666 predictis
1053 1562 2152 1667 possessionariis‘portionibus
2208 1563 2519 1638 condam
2563 1588 2724 1666 pre·

540 1671 912 1746 dictorum
952 1668 1238 1743 Nicoiai
1275 1687 1354 1747 et
1392 1669 1740 1746 Johannis
1793 1667 2109 1745 filiorum
2170 1669 2373 1745 Pauli
2416 1672 2493 1746 in
2529 1669 2723 1744 dicta

541 1775 834 1851 Zakacb
885 1774 1150 1850 habitis
1198 1805 1347 1854 non
1397 1776 1560 1881 pius
1615 1775 1752 1851 nisi
1807 1776 1944 1852 Jus
1996 1794 2261 1882 quarte
2313 1774 2718 1853 secundum

540 1885 797 1988 previa
851 1907 1107 1958 earum
1174 1884 1480 1983 allegata
1538 1880 1858 1978 habere,
1932 1898 2010 1958 et
2064 1884 2410 1988 optinere
2456 1910 2716 1989 posse,

545 1989 806 2093 prefati
849 2013 1027 2063 vero
1052 1990 1378 2093 magistri
1423 1990 1678 2065 Petrus
1717 1987 2013 2080 Paulus,
2069 2004 2143 2064 et
2177 1988 2559 2065 Johannes
2592 1989 2719 2093 my

542 2095 826 2173 Nicolai
884 2092 1147 2170 fratres
1200 2092 1833 2173 condivisionales
1907 2095 2320 2173 eorundem
2394 2096 2722 2172 filiorum

541 2204 747 2280 Pauli
802 2200 930 2302 fily
985 2200 1205 2297 Hemi
1248 2227 1403 2278 esse
1460 2217 1535 2277 et
1582 2202 1925 2278 extitisse.
2039 2203 2194 2279 Nos
2250 2205 2474 2279 etiam
2529 2205 2721 2308 ipsas

544 2329 785 2414 partes
822 2306 915 2382 ad
948 2309 1480 2387 estimationem
1515 2307 1921 2384 earundem
1974 2309 2403 2412 portionum
2447 2338 2724 2413 posses-

539 2420 1024 2495 sionariarum
1059 2414 1547 2518 adjudicando
1568 2416 2042 2490 transmisisse
2064 2442 2150 2489 ex
2179 2420 2554 2519 premissis
2598 2445 2719 2520 ag·

540 2523 679 2599 niti
738 2520 1082 2614 fuissent,
1132 2539 1208 2597 et
1265 2518 1697 2615 fuissemus,
1752 2547 2050 2621 vnaque
2098 2523 2422 2625 ipsarum
2473 2526 2722 2598 Domi·

541 2656 804 2704 narum
845 2629 1188 2705 videlicet
1244 2627 1496 2704 relicta
1553 2626 1840 2703 Thome
1886 2628 1980 2703 de
2018 2626 2248 2703 Sauul
2304 2633 2535 2734 ipsius
2576 2632 2720 2705 litis

542 2736 742 2809 inter
780 2734 1026 2809 medio
1057 2734 1391 2837 predicte
1438 2734 1756 2809 Domine
1797 2752 2045 2810 nostre
2095 2737 2381 2839 Regina
2429 2739 2720 2815 sinistre

543 2839 1084 2944 conquerendo
1142 2866 1222 2915 ,se
1287 2843 1361 2914 in
1439 2835 1846 2915 dominium
1915 2838 2322 2918 earundem·
2385 2846 2718 2919 totalium

542 2952 977 3051 portionum
1018 2946 1751 3051 possessionen-iarum
1806 2946 2175 3024 introduci
2229 2950 2486 3026 fecisse
2529 2952 2718 3025 dicia

542 3054 834 3147 fuisset,
888 3072 967 3130 vt
1002 3053 1222 3127 etiam
1259 3079 1351 3127 ex
1386 3053 1754 3157 premissis
1790 3055 2042 3130 litteris
2087 3055 2563 3159 Reginalibus
2593 3086 2716 3162 ap-

541 3164 903 3265 paruisset
965 3159 1176 3236 dictis
1241 3160 1711 3236 nibilominus
1770 3159 2206 3247 dominabus
2251 3165 2474 3239 modo
2538 3192 2716 3268 pre·-

544 3267 763 3345 misso
807 3266 895 3342 ad
955 3265 1444 3342 discusionem
1481 3268 1703 3370 ipsius
1758 3265 1991 3342 Cause
2033 3272 2287 3345 venire·
2327 3272 2719 3347 renuenti-

542 3373 683 3450 bus
724 3372 985 3451 eedem
1021 3373 1266 3477 primo
1300 3392 1651 3466 evocate,
1697 3391 1774 3450 et
1811 3368 2102 3447 tandem
2142 3377 2218 3450 in
2255 3375 2489 3452 tribus
2536 3377 2721 3454 foris

540 3478 1287 3584 comprovincialibus
1333 3477 1781 3582 proclamata
1833 3478 1922 3552 ad
1978 3478 2259 3558 nulium
2320 3485 2719 3586 premisso-

545 3613 711 3663 rum
773 3588 1255 3667 terminorum
1323 3585 1429 3661 eis
1488 3585 1816 3660 Juridice
1873 3585 2394 3685 assignaturum
2460 3590 2718 3666 venire

543 3692 663 3767 vei
704 3697 991 3768 mittere
1045 3710 1467 3784 curassent,
1524 3689 1650 3766 sed
1693 3710 2598 3793 tamquam-contumaces
2640 3723 2719 3773 se

438 3890 443 3901 1
542 3796 1005 3874 Judiciorum
1049 3798 1396 3876 oneribus
1433 3801 1813 3902 aggravari
1857 3802 2368 3901 permittendo.
2430 3804 2493 3878 A
2524 3802 2714 3878 facie

542 3905 590 3978 J
596 3907 745 3982 uris
765 3960 787 3997 ‚
838 3920 917 3981 et
949 3907 991 3979 J
997 3907 1237 3982 ustitie
1268 3907 1560 4009 penitus
1592 3903 2084 3999 absentassent
2118 3900 2714 4011 obboc’quoque

544 4011 769 4087 iidem
812 4012 1158 4116 magister
1203 4010 1457 4087 Petrus
1495 4010 1758 4106 Paulus
1792 4032 1867 4091 et
1907 4013 2274 4090 Johannes
2309 4015 2440 4116 ffly
2477 4016 2543 4091 N
2551 4019 2716 4091 ico-

543 4116 642 4194 lai
674 4120 753 4194 in
794 4117 1201 4195 dominium
1237 4115 1602 4196 dictarum
1640 4123 2070 4222 portionum
2104 4123 2714 4225 possessionaria-

541 4254 715 4307 rum
753 4243 1101 4339 tanquam
1152 4250 1195 4301 a
1245 4223 1597 4304 fratribus
1634 4229 1965 4334 ipsorum
2014 4228 2714 4309 condivisionalibus
