2875 4842
737 480 890 555 292

614 686 1073 775 ,huiusmodi
1122 689 1393 788 'ingens
1461 687 1744 761 facinus
1809 691 2112 789 impune
2201 691 2631 795 pertransiret
2677 706 2733 763 et

632 800 953 876 inultum
1019 791 1383 897 prefatum
1425 793 1862 895 Tybnldum'
1897 794 1990 870 de
2031 796 2356 900 predicta
2381 795 2731 873 Zenche&

560 925 584 935 ·
633 906 787 982 mul
834 895 1007 979 eum
1053 899 1449 976 heredibus
1500 902 1642 976 suis
1691 929 1897 979 meru
1938 920 2184 979 nostra
2229 906 2419 1008 regia
2470 902 2727 978 auctori-

635 1030 780 1087 tate
817 1025 1174 1114 perpetue
1220 1007 1667 1102 infidelitatis
1716 1007 2096 1085 indelebili
2131 1006 2727 1087 notazobfuscstum

631 1144 792 1194 esse
838 1117 1307 1193 decernimus
1342 1133 1415 1188 et
1449 1116 1915 1217 portionibus
1956 1121 2518 1219 possessionarys
2549 1114 2726 1217 ipsius

630 1230 705 1299 in
761 1220 1342 1329 possessionibus
1380 1219 1839 1324 Kozncbnyk
1887 1226 1960 1299 in
2005 1226 2338 1326 predicta
2370 1220 2631 1298 Zenche
2672 1236 2730 1294 et

630 1334 1036 1431 Zavorsiya
1095 1331 1373 1403 vocatis
1424 1326 1689 1404 habitis
1733 1333 1809 1403 in
1861 1333 2213 1409 comitatu
2256 1329 2573 1417 Crisiensi
2615 1326 2728 1402 exi·

520 1484 527 1491 ·
628 1436 993 1514 stentibus
1040 1433 1377 1509 manibus
1428 1438 1695 1511 nostris
1731 1462 1952 1539 regys
1992 1441 2248 1542 previa
2286 1438 2550 1513 ratione
2587 1433 2726 1507 effe-
2833 1516 2836 1531 *

625 1544 820 1620 ctive
860 1543 1240 1647 applicatis
1281 1540 1651 1643 privamus
1695 1556 1772 1616 et
1806 1568 2107 1645 prorsus
2152 1547 2228 1620 in
2274 1569 2519 1621 eorum
2558 1538 2724 1615 desti·
2833 1534 2836 1617 1

626 1667 864 1726 tutum
921 1647 1088 1725 fore
1146 1648 1671 1724 committimus
1705 1675 1791 1722 ac
1824 1652 1965 1754 ipsi
2007 1644 2726 1755 perpetuum·silenci-

622 1784 750 1831 um
806 1756 1253 1860 imponimus
1293 1751 1386 1829 de
1425 1753 1696 1828 eisdem
1742 1761 2208 1859 presencium
2248 1761 2493 1861 vigore
2528 1752 2723 1829 suffis-

620 1870 838 1963 'gante
859 1917 880 1958 ‚
939 1859 1210 1965 quibus
1241 1860 1345 1934 sic
1379 1860 1708 1963 legitime
1731 1864 2046 1940 diffinitis
2082 1864 2564 1969 preclarisque
2589 1855 2723 1931 fide-

510 1975 517 1981 ’
615 1968 991 2060 litatibus,
1046 1983 1117 2043 et
1176 1964 1504 2041 fidelium
1560 1970 2044 2044 serviciorum
2100 1971 2453 2048 uberimis
2499 1964 2722 2041 meritis

618 2100 755 2177 per
794 2076 1217 2175 magistrum
1275 2069 1694 2148 Ladislsum
1753 2072 1984 2151 filium
2040 2079 2241 2153 Petri
2297 2077 2469 2153 dicti
2505 2069 2722 2149 Kastel-

619 2181 734 2254 lan
778 2180 872 2256 de
927 2176 1359 2255 Zenthleluk
1413 2177 1699 2252 fidelem
1751 2200 2082 2258 nostrum
2122 2186 2340 2262 sicuti
2387 2207 2618 2259 reuera
2650 2176 2722 2250 di·

614 2287 929 2363 dicimus
968 2283 1242 2387 iugiter
1275 2284 1594 2361 solerter
1617 2287 2116 2391 ‘insigniteque
2149 2316 2359 2369 sacro
2391 2290 2581 2395 regio
2612 2283 2722 2358 dia·

613 2394 883 2469 demeti
919 2419 1003 2467 ac
1042 2390 1691 2496 predecessoribus
1730 2397 2000 2473 nostris
2034 2394 2202 2473 dive
2236 2392 2723 2475 reminiscencie

611 2518 903 2605 sceptra
957 2498 1338 2599 regiminis
1405 2496 1581 2573 dicti
1645 2504 1852 2601 regni
1911 2504 2290 2606 Hungarie
2339 2505 2586 2582 diutius
2620 2497 2720 2573 du·
2833 2542 2834 2589 5

612 2607 785 2682 dum
829 2603 1415 2706 gubernantibus
1447 2603 1674 2707 regali
1709 2605 2031 2703 scilicet,
2083 2629 2158 2686 et
2206 2611 2632 2718 reginalibus
2658 2626 2720 2676 ac
2833 2614 2834 2641 ἒ

612 2711 1103 2788 serenissime
1143 2709 1500 2813 Principis
1550 2710 1850 2789 domine
1895 2713 2130 2792 Marie
2162 2726 2419 2824 regine
2460 2709 2722 2794 contho—

611 2818 779 2893 ralis
817 2833 1069 2892 nostre
1111 2815 1509 2919 perchare,
1567 2835 1644 2893 et
1675 2845 1814 2921 per
1846 2848 2309 2927 consequens
2349 2845 2578 2904 nostre
2609 2843 2720 2893 11¹⁸·
2833 2844 2834 2907 3

612 2922 988 2998 iestatibus
1042 2924 1116 2996 in
1181 2919 1591 3003 eorundem
1644 2944 1718 3000 et
1775 2933 2038 3007 nostris
2089 2932 2466 3038 plerisque
2495 2922 2722 3005 ·arduis

608 3027 1203 3134 expeditionibus
1234 3032 1512 3131 asperis
1548 3029 2001 3112 videlicetet
2046 3046 2419 3142 prosperis
2447 3054 2724 3139 sumpmt

607 3162 783 3213 cum
834 3136 1221 3238 diligencia
1258 3155 1333 3211 et
1374 3138 1643 3212 eximie
1692 3138 2303 3222 fidelitatis-dulia
2351 3177 2515 3227 cum
2551 3143 2727 3219 labo-

606 3247 805 3319 rioso
847 3244 993 3347 iugi
1031 3240 1301 3319 bellico
1342 3246 1748 3323 certamine
1789 3246 1935 3323 non
1986 3254 2141 3329 sine
2194 3255 2471 3357 ingenti
2501 3248 2723 3329 sudore

608 3351 755 3426 suis
778 3349 959 3425 locis
997 3367 1074 3424 et
1109 3350 1566 3452 temporibus
1589 3354 2182 3435 incumbentibus
2204 3364 2410 3437 iuxta
2441 3371 2722 3436 nostrum

609 3453 837 3530 decus
874 3473 952 3532 et
989 3457 1226 3533 tocius
1275 3457 1489 3557 regni
1534 3463 1764 3534 nostri
1815 3466 2288 3542 commodum
2328 3466 2726 3544 exhibitisett
2831 3460 2832 3471 ’

608 3560 957 3664 impensis
996 3561 1398 3666 premetitis
1438 3577 1514 3636 et
1550 3569 1903 3669 sagaciter
1944 3574 2323 3650 recensitis
2362 3584 2722 3679 pretaxatas

607 3666 788 3742 dimi
824 3666 1136 3766 Tybatdi
1178 3670 1565 3771 porciones
1605 3677 2217 3776 possessionarias
2250 3683 2322 3756 in
2360 3676 2721 3785 possessio·-

606 3773 824 3848 nibus
882 3770 1362 3875 Kozacbnyik
1410 3778 1488 3850 in
1547 3778 1877 3882 predicta
1929 3785 2225 3862 Zenche
2281 3814 2369 3863 ac
2425 3780 2723 3861 Zanorsi·
2831 3792 2832 3795 ’

609 3896 867 3952 vocata
904 3877 1185 3955 habitas
1228 3883 1304 3954 in
1353 3878 1556 3959 dicto
1599 3889 1948 3964 comitatu
1993 3894 2339 3969 Crisiensi
2381 3895 2726 3970 existentes

609 3987 1137 4087 quinquaginta
1164 3987 1527 4066 sessiones
1561 3996 2002 4098 populorum
2040 4016 2314 4076 tantum
2355 4003 2432 4074 in
2467 4026 2542 4076 se
2575 4020 2721 4072 con·

576 4097 914 4193 ⁹tinentes
952 4093 1327 4195 potissime
1365 4122 1455 4168 ex
1508 4101 1731 4201 ipsius
1764 4105 2099 4206 reginalis
2141 4109 2524 4183 maiestatis
2562 4127 2722 4180 con-

597 4201 812 4276 sortis
847 4217 1096 4275 nostre
1129 4200 1499 4276 carissime
1540 4231 1624 4280 nc
1655 4206 2112 4288 Prelatorum
2151 4232 2224 4291 et
2241 4216 2598 4292 Beronum
2632 4230 2720 4281 re·
