2875 4842
519 665 686 759 ‘tie,
738 667 1031 756 Croatie
1066 682 1206 744 etc.
1251 662 1737 768 Mareliioque
1754 659 2412 765 Brandenburge'n.
2450 678 2597 756 etc.
2643 659 2717 737 fi·

542 768 833 848 delibus
867 775 1011 849 suis
1055 773 1417 849 vniuersis
1475 769 1779 873 prelatis
1838 770 2249 847 Batonibus
2300 769 2715 874 specialiter

542 876 842 954 domino
880 879 1248 984 palatino,
1304 897 1381 956 et
1415 875 1660 956 Judiei
1698 876 1906 952 curie
1946 903 2121 974 sue,
2171 880 2363 956 Item
2408 875 2715 950 Comiti-

545 982 678 1060 bus
716 985 1279 1088 paroehyalibus
1318 985 1434 1062 vel
1454 982 2015 1060 vicecomitibus
2052 1000 2128 1058 et
2163 984 2208 1056 J
2214 980 2556 1084 udicibus
2592 1007 2716 1056 no-

539 1088 803 1168 bilium
864 1093 1372 1196 quorumlibet
1424 1094 1905 1166 comitatuum
1961 1088 2371 1166 castellanis
2429 1087 2716 1162 nobili-

540 1196 680 1274 bus
716 1197 1139 1276 officialibus
1174 1218 1249 1276 et
1283 1198 1440 1276 aliis
1469 1197 2043 1302 quibuscunque
2070 1196 2472 1274 iustitiariis
2505 1197 2714 1296 regni

539 1305 763 1380 sui‘et
798 1330 1061 1398 eorum
1096 1305 1292 1382 vices
1324 1305 1758 1410 gerentibus
1793 1330 1991 1380 nune
2057 1320 2137 1380 et
2185 1305 2330 1407 pro
2372 1321 2715 1405 tempore

539 1409 946 1489 constitutis
963 1429 1039 1489 et
1066 1410 1598 1489 constituendis
1618 1409 1890 1513 quibus
1910 1427 2287 1516 presentes
2318 1409 2713 1486 ostendun-

539 1529 701 1610 tur,
758 1520 1063 1594 salutem
1096 1537 1172 1594 et
1209 1520 1560 1621 graciam.
1616 1519 1804 1593 Cum
1847 1544 1980 1594 nos
2026 1516 2400 1593 Vniuersas
2457 1539 2713 1591 causas

535 1640 612 1698 et
646 1649 1023 1700 causarum
1062 1624 1561 1729 quarumlibet
1598 1649 1984 1731 processus
2018 1621 2533 1727 religiosarum
2576 1620 2710 1696 do·

532 1729 902 1805 minarum
943 1729 1603 1809 sanctimonialium
1642 1729 1944 1807 claustri
1983 1728 2223 1832 beate,
2258 1731 2560 1834 virginis
2612 1725 2707 1802 de

533 1839 770 1911 veteri
803 1835 1011 1912 Buda
1056 1861 1200 1962 per
1230 1857 1727 1943 quoscunque
1764 1836 2143 1916 hominum
2174 1837 2256 1910 in
2297 1835 2501 1911 factis
2543 1860 2706 1938 pos-

529 1941 936 2052 sessionum
980 1945 1429 2021 tributorum
1446 1944 1815 2040 ‚siluarum
1861 1961 2238 2048 pratorum
2293 1957 2704 2037 terrarum,

529 2058 609 2123 ct
644 2048 1087 2149 piscinarum
1125 2056 1197 2128 in
1242 2052 1429 2129 faeie
1467 2051 1901 2130 eorumdem
1955 2051 2422 2128 existentium
2478 2049 2705 2125 vbili-

526 2153 661 2231 bet
690 2153 1147 2252 habitarum,
1202 2158 1406 2263 olym
1438 2185 1578 2266 per
1622 2155 2142 2235 serenissimos
2193 2156 2584 2261 Principes
2631 2170 2704 2230 et

526 2261 862 2344 dominas
881 2261 1248 2340 Elisabeth
1288 2269 1614 2370 reginam
1652 2284 1726 2342 et
1765 2263 2225 2341 Lodouicum
2260 2289 2523 2367 regem
2573 2289 2701 2339 re·-

525 2373 651 2474 gni
681 2368 1036 2474 hungarie
1075 2371 1389 2478 predicti
1416 2375 1604 2451 ‘diue
1636 2372 2175 2458 reminiscentie
2210 2369 2701 2475 predecesso—

520 2503 688 2551 rum
727 2494 1152 2576 nostrorum
1174 2475 1719 2559 karissimorum
1747 2481 1919 2585 ipsis
1956 2477 2278 2555 claustro
2314 2476 2540 2553 beate
2567 2481 2701 2551 vir·

518 2584 710 2685 ginis
741 2600 819 2658 et
855 2583 1290 2666 dominabus
1315 2585 1992 2672 sanctimonialibus
2023 2587 2099 2658 in
2130 2582 2404 2662 eodem
2443 2585 2598 2662 deo
2628 2601 2705 2660 et

518 2690 1041 2792 gloriosissime
1099 2695 1360 2797 virgini
1403 2695 1640 2771 Marie
1694 2694 1982 2800 Jugiter
2025 2685 2555 2767 famulantibus
2610 2689 2697 2767 ad

519 2820 734 2872 voum
768 2796 1192 2882 earumdem
1233 2802 1702 2882 dominarum
1733 2803 1809 2878 in
1863 2816 2301 2904 perpetuam
2357 2798 2697 2874 eleemo-

515 2924 771 3001 synam
810 2901 1295 2984 mediantibus
1331 2907 1576 2990 literis
1614 2911 1943 3011 ipsorum
1974 2906 2304 2986 datarum
2352 2923 2427 2980 et
2465 2904 2696 2982 eolla-

516 3023 805 3100 tarum,
868 3035 1119 3088 coram
1168 3014 1376 3094 vobis
1421 3013 1913 3120 quouismodo
1949 3031 2178 3089 motas
2213 3011 2693 3097 babitas‚·uel

511 3115 914 3191 monendas
951 3133 1235 3198 matura
1265 3121 1842 3207 deliberatione,
1900 3145 2043 3197 vna
2074 3144 2242 3197 eum
2282 3119 2695 3202 Illustrissi·

510 3247 632 3296 ma
676 3224 1016 3332 principe
1070 3225 1363 3304 domina
1420 3230 1658 3306 Maria
1708 3230 1963 3331 regina
2018 3228 2376 3303 contorali
2437 3246 2692 3302 nostra

508 3326 884 3406 karissima
920 3333 1341 3436 prehabita,
1399 3329 1842 3413 auctoritate
1895 3335 2342 3441 presentium
2399 3332 2496 3407 ad
2538 3360 2680 3412 no-

505 3451 730 3511 stram
768 3444 1322 3517 assumserimus
1364 3446 1814 3522 maiestatem
1843 3444 1919 3517 in
1959 3443 2226 3518 nostris
2248 3459 2685 3545 procurato-

504 3541 633 3615 riis
680 3548 1145 3644 presentibus
1189 3566 1265 3625 et
1297 3546 1566 3629 futuris
1615 3546 1905 3627 easdem
1959 3566 2212 3624 nostro
2259 3552 2346 3622 In
2403 3547 2685 3623 iudicio

505 3646 630 3721 vel
659 3666 860 3725 extra
897 3651 942 3723 J
951 3654 1277 3733 udicium
1309 3660 1672 3764 prosequi
1707 3675 1780 3732 et
1818 3672 2270 3762 pertractare
2302 3655 2685 3734 commise-

500 3753 731 3828 rimus
785 3774 860 3830 et
894 3758 1187 3838 easdem
1225 3765 1558 3860 dominas
1592 3761 2181 3842 sanctimoniales
2215 3764 2289 3835 in
2327 3757 2683 3862 praealle-

497 3863 683 3963 gatis
723 3861 1024 3939 Ju'ribus
1050 3871 1370 3972 ipsarum
1405 3872 1993 3975 possessionariis
2026 3870 2245 3944 sicuti
2266 3886 2478 3944 antea
2513 3895 2681 3975 pre-

498 3963 695 4043 dicti·
725 3969 1282 4069 predecessores
1329 3982 1567 4058 nostri
1607 3978 1870 4055 secisse
1903 3973 2441 4082 perhibemur.-
2478 4002 2677 4053 con-

492 4098 796 4151 seruare
825 4127 851 4169 ‚
908 4096 985 4153 et
1024 4080 1120 4156 ab
1176 4083 1521 4165 omnibus
1574 4089 1859 4164 ratione
1901 4081 2330 4159 earumdem
2364 4108 2675 4186 posses-

496 4183 790 4260 sionum
834 4187 1190 4290 expedire
1222 4192 1730 4288 intendamus,
1802 4193 2098 4278 Idcirco
2143 4189 2477 4276 fidelitati
2529 4213 2670 4266 ve·
