2875 4842
621 433 776 505 458

512 648 614 729 ris
660 663 808 720 tam
855 639 1401 746 praesentibus,
1458 650 1686 743 q'uam
1731 622 2024 719 fusuris.
2107 638 2305 715 Dum
2371 639 2716 717 fidelium

513 769 946 828 nostrorum
987 748 1380 853 petitiones
1416 746 1787 850 supplices
1850 746 1948 822 ‘ad
2017 748 2327 849 gratiam
2386 748 2719 825 exaudi-

517 861 740 933 tionis
772 854 1221 932 admittimus
1251 858 1593 954 Ipsorum
1631 880 1806 956 erga
1847 878 1985 929 nos
2025 854 2542 944 deuotionem,
2638 872 2721 930 et

514 962 738 1044 fidem
775 962 1196 1065 promptius
1228 954 1693 1064 adaugemus.
1735 960 2095 1066 Sane-pro
2133 981 2341 1066 parte
2364 970 2717 1039 virorum

514 1073 889 1150 nobilium
915 1069 1520 1159 CommunitatiS‚
1576 1087 1657 1155 et
1695 1068 1993 1145 Cinium
2027 1070 2356 1145 Ciuitatis
2402 1086 2715 1146 nostrae

514 1174 829 1254 Sibiniei
863 1176 1201 1281 partium‘
1234 1173 1478 1279 Regni
1528 1176 1765 1253 nostri
1830 1174 2231 1252 Dalmatiae
2274 1196 2714 1253 nostrorum

514 1283 846 1362 fidelium
881 1283 1321 1359 dilectorum
1359 1283 1497 1357 fuit
1535 1278 1901 1359 Maiestati
1920 1303 2218 1361 nostrae
2258 1303 2715 1359 reuerenter

289 1356 312 1395 ι’
411 1464 416 1473 ,
516 1396 961 1497 expositum,
1001 1388 1206 1492 quod
1249 1386 1432 1465 olim
1474 1391 1589 1464 vir
1612 1388 2048 1495 Magnificus
2071 1390 2462 1493 Cheruoya
2495 1415 2715 1487 sum·

517 1526 684 1575 mus
705 1496 1075 1601 Voyvoda
1113 1496 1502 1574 Bosnensis
1525 1552 1544 1586 ,
1583 1522 1671 1572 ae
1714 1514 1967 1591 noster
2003 1500 2077 1573 in
2118 1500 2391 1601 Regnis
2431 1500 2713 1573 nostris

525 1605 991 1712 Humi-iae,
1049 1601 1507 1689 Dalmatiae,
1560 1600 1944 1696 croatiae,
2006 1623 2147 1681 ete.
2184 1605 2560 1681 Generalis
2598 1606 2713 1678 vi·

517 1714 805 1806 carius,
859 1709 1379 1789 conscilia-ius
1415 1727 1496 1785 et
1528 1706 1762 1787 fidelis
1798 1731 2051 1788 noster
2090 1711 2400 1787 dilectus
2430 1727 2703 1786 aueto-

517 1820 738 1897 ritate
777 1818 1172 1895 vicariatus
1200 1820 1439 1895 nostri
1486 1842 1634 1919 qua
1668 1818 1746 1893 iu
1785 1817 2001 1896 dietis
2037 1820 2311 1922 Regnis
2354 1812 2707 1920 fungeba-

481 1988 489 2008 .
520 1946 679 2022 tur,
734 1940 822 2003 et>
858 1924 1193 2030 fungitur
1215 1972 1258 2019 ‚-
1292 1942 1532 2002 certas
1566 1922 1803 2000 dietis·
1830 1926 2378 2031 exponentibus
2414 1922 2707 2001 confir-

517 2040 747 2111 mavit
770 2091 791 2128 ‚
847 2050 924 2109 et
962 2033 1137 2110 feeit
1180 2037 1457 2135 gratias
1508 2034 1586 2123 in
1644 2030 2041 2138 subscripti
2097 2033 2322 2138 ipsius
2379 2030 2706 2135 Voyvo-

520 2141 659 2218 dae
706 2134 1445 2235 literio‘annotaths2‚-
1480 2164 1798 2244 quarum
1847 2157 2062 2217 tenor
2098 2166 2236 2245 per
2291 2139 2544 2215 omnia
2592 2156 2702 2215 ta-

519 2248 610 2323 lis
644 2266 776 2325 est.
816 2248 971 2323 Nos
1014 2247 1373 2350 Hel-voye
1410 2249 1849 2353 Regnorum
1874 2244 2175 2323 Rassiae
2197 2299 2221 2335 ‚
2258 2261 2343 2321 et
2382 2244 2703 2322 Boanen-

516 2357 614 2431 sia
651 2378 1094 2460 suppremus
1131 2348 1502 2457 Voyvoda
1527 2412 1548 2449 ‚
1602 2379 1690 2428 ae
1729 2355 1808 2428 in
1857 2353 2192 2457 partibus
2248 2351 2651 2428 Dalmatiae
2677 2408 2700 2442 ,

518 2476 610 2539 et·
648 2456 989 2537 Croatiae
1044 2458 1507 2537 serenissimi
1571 2460 1929 2564 principis
1984 2477 2061 2536 et
2125 2457 2402 2535 domini
2464 2458 2701 2535 nostri

518 2567 869 2644 naturalis
900 2567 1180 2643 domini
1217 2566 1540 2651 Ladislai
1590 2564 2475 2669 dei'gratia‘Hungat-iae‚
2533 2565 2703 2642 Dal·

520 2680 826 2767 matiae,
900 2668 1283 2768 Croatiae,
1358 2674 1807 2758 Jerusalem,
1883 2673 2203 2749 Siciliae⁴
2244 2691 2383 2749 ete.
2459 2672 2703 2748 Incliti

467 2781 476 2787 ’
518 2783 747 2884 Regis
780 2766 1120 2855 Vicat-ius
1155 2783 1535 2887 generalis.
1611 2780 1999 2855 Universis
2049 2799 2124 2855 et
2173 2779 2479 2884 singulis
2539 2783 2701 2882 qui·

519 2886 660 2964 bus
697 2886 1006 2989 expedit
1044 2890 1454 2964 memoriae
1517 2886 2116 2964 commendantes
2167 2886 2699 2988 significamus,

507 2993 730 3096 'quod
779 3018 952 3070 cum
1011 3000 1333 3076 uniuersi
1395 2994 1682 3070 nobiles
1736 2996 1999 3090 Ciues,
2069 3013 2141 3069 et
2193 2993 2701 3070 Communitas

521 3102 852 3179 Ciuitatis
893 3094 1373 3180 Sibinieensis
1407 3126 1544 3207 per
1567 3101 1854 3179 nobiles
1887 3104 2089 3175 viros
2119 3100 2534 3177 Joltannem
2569 3103 2704 3176 Ta-

517 3207 744 3285 vilieh
771 3264 790 3302 ‚
849 3207 1262 3310 Stepanum
1337 3206 1703 3312 Maphey‚
1787 3226 1861 3284 et
1930 3205 2344 3284 Johannem
2408 3207 2703 3284 Missieh

519 3310 737 3392 Cives
800 3315 1139 3393 eiusdem
1193 3316 1525 3393 Civitatis
1606 3314 2183 3400 ambaxiatores,
2259 3333 2336 3391 et
2398 3321 2705 3393 nuntios

520 3423 874 3527 speciales
917 3427 1243 3527 ipsorum
1280 3420 1525 3501 habita
1558 3425 2046 3501 conversione
2086 3446 2175 3498 ac*
2212 3423 2703 3499 Inclinacione

520 3530 610 3603 ad
648 3533 892 3632 ipsum
929 3531 1315 3608 dominum
1347 3532 2130 3631 nostrumlnaturalem
2152 3529 2538 3607 dominum
2575 3532 2706 3606 La-

528 3634 837 3737 dislaum
870 3639 1157 3741 Regem
1194 3658 1727 3730 memoratum,
1783 3637 2203 3727 libertates,
2257 3639 2483 3733 Jura‚
2537 3664 2709 3741 gra-

524 3744 706 3833 tias,
762 3742 1241 3841 donationes,
1297 3766 1373 3824 et
1409 3740 1977 3823 eonsuetudines
2034 3744 2438 3848 antiquitus
2490 3763 2563 3820 et
2618 3745 2708 3820 de

529 3849 893 3926 moderno
918 3852 1054 3927 sibi
1092 3855 1264 3957 ipsis
1299 3854 1477 3928 dare
1505 3850 2003 3957 postulassent
2043 3876 2130 3925 ae
2162 3877 2306 3974 pro
2339 3849 2448 3926 his
2485 3870 2560 3927 et
2600 3876 2711 3928 ce-

533 3958 712 4034 teris
751 3973 999 4061 gratys
1031 3959 1351 4037 Inferius
1395 3956 1844 4036 declat-findis
1882 3957 2189 4058 praefati
2240 3956 2525 4037 domini
2576 3984 2709 4034 no·

444 4160 450 4167 ⁰
527 4065 658 4142 stri
698 4066 929 4166 Regis
975 4068 1244 4169 vexilla
1289 4072 1675 4166 imponere
1718 4090 1983 4143 eorum
2037 4063 2336 4140 Ciuitati
2388 4083 2466 4141 et
2517 4092 2711 4143 oma-

534 4174 737 4275 gium
791 4172 840 4247 J
843 4191 1316 4253 uramentum
1362 4172 1728 4255 fidelitatis
1773 4170 2321 4280 obseruandum
2386 4196 2707 4278 assump-
