2875 4842
2028 484 2182 559 241

123 687 371 764 clesiae
408 685 938 809 strigoniensis
978 690 1545 796 Archiepiscopi
1579 689 2134 796 supplicationis
2174 696 2290 771 in-

119 796 479 891 stantiam,
534 815 613 871 vt
653 815 911 874 nostro
953 802 1162 904 regio
1212 804 1555 902 congruit
1588 793 1901 894 honori,
1955 801 2288 880 irremu-

122 919 440 977 neratum
487 904 960 1006 relinquere,
1036 933 1176 982 nec
1238 906 1482 984 eidem
1540 904 2001 1010 aliquatenus
2059 934 2288 1015 super

120 1007 215 1082 his
263 1006 645 1110 derogari,
702 1013 893 1089 sicut
945 1014 1257 1115 praeviis
1297 1013 1746 1107 rationibus»,
1802 1015 1909 1089 sic
1948 1040 2099 1088 non
2142 1018 2288 1091 mi-

120 1142 239 1191 nus
291 1144 430 1219 pro
467 1117 940 1197 fidelitatibus
997 1138 1073 1196 et
1110 1117 1442 1196 fidelium
1495 1119 2032 1223 obsequiorum
2071 1119 2286 1197 laude

118 1218 336 1321 dignis
400 1229 721 1318 meritis,
774 1224 1107 1303 eiusdem
1164 1228 1462 1303 Domini
1514 1227 1823 1301 Joannis
1888 1225 2286 1333 Arcbiepi·

117 1331 341 1430 scopi,
399 1332 620 1411 nobis
656 1356 795 1437 per
832 1334 1076 1438 ipsum
1112 1352 1207 1410 et.
1238 1358 1453 1410 sacro
1504 1336 1711 1437 regio
1763 1331 2153 1411 diademati
2190 1334 2284 1409 ad

120 1435 515 1537 perfectum
563 1440 1046 1516 commodum
1099 1458 1173 1515 et
1218 1444 1599 1517 vtilitatem
1645 1441 1864 1517 totius
1917 1444 2124 1544 regni
2167 1467 2285 1516 su·

119 1569 353 1645 prema
409 1572 581 1620 cum
619 1546 995 1650 diligentia
1049 1564 1126 1622 et
1168 1546 1537 1651 vigilantia
1585 1549 1917 1638 curiosa,
1971 1568 2048 1624 et
2085 1546 2286 1623 labo-

118 1675 267 1722 rum
317 1651 653 1729 instantia
705 1653 991 1728 assidua
1056 1652 1443 1744 exhibitis,
1501 1669 1575 1727 et
1631 1655 2016 1756 impensis,
2070 1655 2282 1757 regio

119 1779 500 1832 occurrere
538 1760 871 1836 volentes
911 1787 1084 1836 cum
1123 1759 1379 1836 fauore
1401 1790 1439 1849 ,⁸
1469 1759 1823 1859 quasdam
1873 1766 2285 1864 possessio-

117 1887 235 1935 nes
284 1866 605 1968 regales,
704 1869 1104 1971 populosas
1176 1866 1519 1953 videlicet
1569 1865 1892 1963 VJfissu,
1954 1866 2282 1970 Bayotb,

116 1968 697 2073 Genemarothya
730 2029 751 2065 ,
808 1972 884 2048 in
928 1974 1467 2077 Strigoniensi‚
1518 1989 1598 2048 et
1650 1973 1868 2050 Moth
1906 2000 2285 2079 nuncupa·

115 2091 213 2148 tas
265 2078 339 2151 in
399 2078 985 2156 Comaromiensi
1043 2079 1532 2161 comitatibus
1592 2078 2085 2176 adiacentem,
2140 2107 2284 2158 nec

113 2203 250 2257 non
309 2183 660 2262 Sectbtzu
728 2205 1060 2264 vocatam
1125 2188 1460 2267 similiter
1524 2188 2001 2289 populosam,
2073 2189 2284 2263 cuius

112 2288 451 2367 medietas
495 2294 577 2369 in
632 2293 1124 2395 Strigoniensi
1174 2312 1252 2371 et
1282 2292 1448 2369 ‘alia
1481 2294 1833 2383 medietas
1886 2295 1959 2367 in
2014 2292 2281 2372 eodem

112 2394 682 2475 Comaromiensi
709 2400 1198 2479 comitatibus
1235 2401 1574 2475 adiacere
1610 2399 2065 2504 perhibetur,
2101 2403 2279 2476 item

109 2506 452 2604 quasdam
502 2525 731 2583 terras
803 2532 1064 2584 vacuas
1120 2525 1192 2583 et
1258 2507 1795 2605 habitatoribus
1853 2506 2275 2599 destitutas,
2395 2568 2406 2583 ,

107 2611 312 2705 Rab,
367 2612 699 2706 Cher-ke,
756 2614 969 2708 Peel,
1037 2633 1112 2690 et
1160 2616 1453 2715 Beryn,
1509 2613 1952 2718 appellatas,
2006 2615 2083 2689 in
2152 2614 2276 2688 di-

105 2735 217 2793 cto
246 2718 624 2796 Comitatu
671 2720 1165 2823 Strigoniensi
1204 2725 1418 2815 sitas,
1475 2739 1550 2797 et
1580 2722 2021 2815 existentes,
2075 2719 2272 2825 apud

103 2849 352 2903 manus
410 2831 650 2929 regias
709 2827 803 2903 ab
845 2822 1153 2932 antiquo
1194 2827 1476 2903 habitas
1518 2855 1692 2904 cum
1747 2829 2096 2902 vniuersis
2136 2853 2270 2904 ea-

101 2959 255 3007 rum
316 2939 815 3038 pei-tinenty8‚
873 2955 947 3010 et
1000 2936 1501 3034 quarumlibet
1546 2937 1929 3009 vtilitatum
1969 2936 2272 3038 integri·

102 3041 399 3130 tatibus,
474 3059 548 3116 et
609 3041 765 3141 alys
818 3040 1266 3146 quibuslibet
1326 3037 1991 3118 terris‘arabilibus
2054 3043 2270 3116 cultis

97 3148 366 3223 scilicet
421 3167 497 3224 et
543 3147 877 3242 incultis,
932 3149 1415 3236 molendinis,
1472 3148 1720 3249 syluisx,
1781 3147 2259 3235 nemoribus,

96 3257 342 3358 aquis,
399 3282 909 3360 aquarumque
943 3252 1407 3345 decursibus,
1450 3274 1522 3330 et
1560 3252 1999 3355 generaliter
2035 3253 2265 3326 omni-

98 3358 219 3435 bus
268 3368 774 3465 pertinentyS,
845 3364 938 3438 ab
996 3365 1305 3466 antiquo
1358 3360 1451 3435 ad
1523 3360 1811 3436 easdem
1880 3363 2019 3435 rite
2080 3368 2261 3458 spe-

98 3472 489 3564 ctantibus»,
545 3496 717 3545 cum
775 3466 1253 3546 Serenissima
1309 3467 1653 3571 Principe
1723 3468 2037 3544 Domina
2102 3465 2262 3539 Ma-

96 3575 227 3667 ria,
284 3594 632 3653 consorte
670 3593 919 3651 nostra
967 3576 1402 3680 praechara,
1458 3594 1535 3653 et
1577 3574 1957 3676 praelatis,
2016 3588 2092 3646 et
2131 3573 2261 3646 Ba-

97 3686 386 3760 renibus
418 3686 682 3758 nostris
717 3703 997 3758 matura
1041 3702 1112 3759 et
1150 3682 1505 3783 digestiua
1544 3680 2074 3756 deliberatione
2115 3705 2258 3753 ex-

97 3784 250 3863 inde
300 3789 771 3893 praehabita,
826 3808 1177 3865 annotato
1236 3790 1560 3863 Domino
1609 3791 1871 3861 Joanni
1927 3785 2255 3860 Archie-

99 3896 435 3999 piscop0‚
493 3924 581 3972 ac
638 3926 774 3998 per
832 3924 998 3972 eum
1058 3898 1555 4000 praescriptae
1617 3894 1980 3971 Ecclesiae
2035 3919 2254 3985 suae,

100 3994 572 4103 strigoniensi
620 4004 1245 4106 Archiepiscopali
1277 4058 1296 4094 ,
1357 4001 1702 4077 duximus
1739 4026 1973 4076 nouae
2010 3998 2250 4075 dona-

104 4106 304 4185 tionis
350 4131 641 4187 nostrae
678 4111 887 4185 titulo
945 4128 1351 4213 perpetuo,
1407 4108 1890 4184 mediantibus
1933 4105 2090 4206 alys
2137 4105 2253 4179 Li-

40 4221 51 4229 '
101 4216 263 4290 aeris
321 4218 636 4308 nostris,
692 4217 960 4292 exinde
1003 4216 1395 4307 confflem,
1454 4214 1961 4292 conferendas.
2038 4210 2252 4287 Fide·

195 4319 402 4399 Tom.
436 4326 531 4399 X.
566 4323 738 4398 Vol.
781 4324 979 4398 VIII.
1771 4326 1867 4396 16
