2875 4842
407 3534 415 3547 ,
530 3456 788 3557 XCV.
841 3459 1014 3537 Eius

657 476 755 545 88

530 674 972 759 ‘LXXXVL
1026 681 1208 787 Cap.
1248 679 1715 759 Castriferrei
1748 707 1970 787 super
2007 681 2435 760 molendino
2482 687 2560 758 in
2599 670 2725 757 flu·

757 793 884 867 uio
911 788 1151 884 Raba,
1186 787 1653 895 possessione
1685 786 1984 883 Inanch,
2028 789 2329 867 vendito
2371 786 2723 866 fassiones

716 897 935 973 edit.
2703 916 2734 939 ‘⁸

442 1058 447 1067 .
548 1002 611 1076 Ι
613 1004 1014 1080 XXXVII.
1072 1002 1500 1081 Conuentus
1545 1000 1643 1080 de
1695 997 1912 1079 Jaszo
1967 1027 2192 1108 super
2251 1002 2598 1108 portione
2652 998 2725 1075 in

760 1109 984 1185 Kalsa
1026 1108 1518 1185 abalienanda
1544 1107 2064 1214 prohibitorias
2114 1110 2479 1215 elargitur.

454 1208 504 1265 ·’
551 1214 1047 1294 LXXXVIII.
1101 1214 1277 1320 Cap.
1336 1214 1707 1291 Nitriense
1770 1214 1867 1290 de
1917 1216 2081 1291 iure
2139 1214 2563 1319 quartalitio
2604 1241 2732 1289 ex-

768 1340 1195 1400 contentato
1242 1321 1546 1399 Petrum
1589 1319 1685 1397 de
1726 1318 2043 1396 Zamard
2088 1325 2428 1426 quietum
2463 1320 2733 1398 reddit.

519 1422 1735 1543 ‘LXXXIX.cap.castrife1-rei
1806 1454 2033 1531 super
2088 1455 2220 1505 sex
2295 1429 2523 1505 curiis
2581 1426 2734 1503 Mi-

716 1534 995 1613 chaeli
1034 1533 1151 1612 de
1164 1535 1543 1611 Posafalva
1584 1562 1720 1641 per
1750 1534 2039 1614 nobiles
2074 1533 2168 1611 de
2205 1560 2476 1640 genere
2521 1535 2733 1636 Tyak

758 1646 838 1719 in
883 1644 1564 1720 remunerationem
1617 1640 1944 1718 fidelium
1989 1643 2471 1718 seruitiorum
2508 1642 2736 1721 dona·

761 1753 894 1843 tis,
950 1767 1279 1826 testatur.

547 1853 714 1933 XC.
769 1855 1226 1961 Stephanus,
1288 1858 1503 1961 regni
1527 1856 1957 1958 Hungariae
1996 1854 2390 1947 Palatinus,
2440 1857 2517 1941 in
2558 1880 2732 1931 con·

762 1966 1193 2069 gregatione
1230 1962 1603 2066 generali,
1657 1966 1896 2068 prope
1934 1961 2347 2065 Gyarmath
2383 1956 2726 2038 celebra-

680 2098 683 2107 ·
766 2086 880 2163 ta,
936 2067 1470 2146 exhibitionem
1510 2070 2170 2146 instrumentorum
2208 2085 2586 2175 prorogat.

552 2156 747 2254 XCI.
805 2179 887 2252 C.
927 2172 1310 2255 Emerious
1354 2174 1615 2252 Bubek
1657 2174 1926 2253 Curiae
1962 2177 2208 2278 regiae
2248 2173 2535 2269 Judex,
2592 2176 2734 2252 Ni-

767 2283 1102 2376 colaum,
1156 2281 1389 2358 filium
1408 2282 1777 2409 Georgii,
1833 2300 2098 2359 contra
2146 2280 2538 2359 Nicolaum
2581 2280 2737 2358 fili-

765 2417 893 2465 um
892 2381 1179 2498 Trepk
1216 2388 1310 2466 de
1332 2383 1777 2491 sevennye
1757 2412 1835 2462 ιιι
1864 2391 2228 2485 sententia
2272 2390 2606 2497 capitali,
2662 2406 2740 2467 et

536 2582 547 2599 ι
764 2500 1156 2574 amissione
1185 2495 1562 2574 bonorum
1608 2496 2012 2573 conuincit.

555 2602 775 2680 XCII.
828 2604 1176 2681 Nicolaus
1209 2602 1304 2679 de
1348 2602 1620 2681 Kanisa
1662 2599 1806 2677 Mr.
1836 2603 2420 2680 Tauernieoru'm
2480 2603 2738 2705 Regal.

518 2710 523 2717 ’
764 2706 1060 2785 Iudices
1096 2708 1190 2784 de
1245 2706 1708 2785 Kormend
1687 2733 1766 2782 ιιι
1803 2734 2045 2813 poena
2084 2709 2392 2815 capitis,
2446 2733 2536 2786 ae
2586 2709 2740 2786 bo-

766 2839 1035 2890 norum
1086 2814 1505 2891 amissionis
1538 2811 1881 2891 similiter
1907 2817 2307 2892 conuincit-

552 2921 812 2999 xcm.
868 2920 1131 2998 Paulus
1171 2920 1442 2998 Comes
1482 2921 1577 2999 de
1589 2920 1881 2997 Frakno
1914 2939 2189 2999 certam
2219 2925 2624 3000 sessionem
2659 2923 2741 2999 in

768 3029 1037 3134 pignus
1085 3026 1303 3104 locat.

528 3135 823 3229 XCIV.
878 3135 963 3210 C.
1023 3134 1406 3214 Emerious
1462 3133 1770 3229 nahah,
1822 3133 2071 3212 Judex
2127 3136 2390 3211 Curiae
2445 3136 2738 3237 regiae,

763 3241 1017 3320 literas
1053 3244 1244 3345 regis
1264 3240 1637 3318 Ludouioi
1672 3267 1894 3347 super
1923 3260 2122 3318 terra
2153 3243 2355 3318 Boor
2378 3242 2741 3321 A.1378.

766 3351 1000 3427 editas
1092 3374 1181 3425 ro
1223 3344 1557 3452 Josepho
1592 3347 2087 3425 procuratore
2124 3348 2576 3426 transcribit.

1017 3375 1188 3535 <ilem
1231 3454 1807 3532 adiudicatoriae
1839 3482 1983 3559 pro
2014 3473 2224 3559 parte
2246 3455 2603 3595 Nihilium
2645 3453 2747 3533 de

740 3563 983 3641 -.Kata

553 3669 820 3748 XCVI.
883 3670 1314 3749 Monasterii
1354 3673 1629 3747 montis
1679 3671 2097 3748 Pannoniae
2125 3694 2355 3783 super
2401 3668 2748 3749 introdu-

768 3779 1017 3855 ctione
1057 3779 1370 3856 Ahbatis
1409 3777 1505 3855 de
1543 3776 1726 3852 Tata
1767 3779 2186 3854 relatoriae.

554 3881 855 3963 XCVII.
915 3884 1229 3988 Capituli
1286 3886 1571 3960 Jaurin.
1628 3911 1850 3987 supra
1890 3883 2075 3962 silua
2123 3881 2369 3987 Egi-ed
2410 3909 2543 3981 per
2595 3884 2752 3960 Pe·-

488 4016 503 4029 *
769 4007 969 4069 trum
1009 3991 1107 4068 de
1140 3989 1391 4067 Harka
1426 3992 1708 4068 ciuitati
1748 3988 2054 4093 Sopron
2091 3989 2358 4067 donata
2393 3974 2747 4067 fassione·

766 4098 891 4175 les.

554 4203 896 4285 XCVIII.
955 4205 1425 4310 Magistratus
1481 4200 1781 4280 Ciuicus
1823 4202 2208 4281 Posonien.
2253 4228 2485 4309 super
2518 4201 2744 4280 vinea
