2875 4842
2092 417 2244 497 ‘325

188 629 328 706 tiae
342 684 367 724 ,
419 629 753 708 croatiae
785 644 930 708 etc.
964 654 1106 707 nec
1135 656 1289 714 non
1326 629 1661 710 Marchio
1695 630 2355 738 Brandenburgen-

181 737 273 813 sis
305 753 448 813 etc.
503 736 869 811 Omnibus
909 734 1177 815 Christi
1208 734 1589 832 fidelibus,
1643 756 1794 815 tam
1841 742 2355 843 praesentibus

186 869 404 945 quam
439 839 743 936 futuris,
797 844 1297 945 praesentium
1335 847 1669 922 notitiam
1711 844 2111 940 habituris,
2165 846 2354 948 salu·

186 966 327 1025 tem
373 951 454 1024 in
491 950 822 1025 omnium
857 948 1273 1027 Saluatore.
1329 950 1603 1055 Regiae
1637 949 2007 1057 dignitatis
2042 953 2356 1053 praeful·

185 1055 471 1159 gentius
513 1056 874 1136 attollitur
911 1057 1182 1149 decor,
1237 1073 1314 1132 et
1342 1074 1692 1150 ornatus,
1743 1060 1806 1134 si
1853 1056 2112 1135 eadem
2166 1085 2354 1137 suo-

181 1187 339 1238 rum
373 1162 847 1238 subditorum
887 1162 1215 1240 fidelium
1235 1161 1647 1262 commodis
1676 1177 1756 1241 et
1789 1163 2217 1240 Vtilitatibus
2243 1165 2350 1240 in·

180 1269 476 1370 uigilans
516 1267 950 1374 prouidebit
989 1295 1335 1345 erroneas
1371 1273 1738 1346 nouitates
1782 1270 2193 1357 abolendo,
2246 1263 2349 1347 ‘vt

181 1375 435 1451 exinde
477 1377 635 1480 ipsa
670 1377 1078 1480 glorietur,
1132 1375 1513 1479 iidemque
1554 1400 1875 1458 numero¹
1911 1395 1985 1453 et
2024 1374 2346 1453 fidelita-

179 1495 245 1555 te
273 1499 705 1585 augeantur.
766 1481 1092 1558 Proinde
1129 1481 1221 1556 ad
1259 1484 1773 1560 Vniuersorum
1816 1485 2151 1568 notitiam
2203 1509 2347 1560 vo-

182 1584 402 1662 lumus
441 1577 885 1693 peruenire,
945 1587 1151 1694 quod
1187 1586 1442 1665 fideles
1460 1589 1748 1683 -nostri,
1800 1590 2078 1684 suda,
2119 1590 2343 1666 Jura-

177 1691 264 1784 ti,
314 1692 678 1792 Consules
700 1751 720 1780 ,
773 1696 1126 1774 Seniores
1167 1712 1242 1771 et
1284 1696 1611 1772 vniuersi
1641 1698 1841 1772 ciues
1881 1696 2344 1800 Cybinenses

177 1797 240 1872 in
269 1820 566 1878 nostrae
594 1800 1038 1880 celsitudinis
1074 1819 1558 1906 conspectum
1590 1803 2011 1896 venientes,
2044 1818 2339 1881 nostrae

175 1900 501 1983 dolorose
532 1908 1036 2008 significarunt
1074 1907 1479 2001 Maiestati‚
1516 1906 1725 2010 quod
1757 1935 1928 1986 cum
1972 1909 2152 2015 ipsi,
2207 1926 2336 1988 aut

171 2011 382 2115 aliqui
420 2039 521 2092 ex
570 2012 831 2092 iisdem
875 2015 1301 2094 Prouincias
1322 2067 1347 2110 ‚
1399 2030 1528 2092 aut
1576 2012 1824 2119 aliqua
1857 2018 2070 2119 regni
2094 2017 2336 2092 elima·

173 2131 235 2190 ta
264 2123 336 2194 in
372 2121 861 2225 acquisitione
896 2147 1201 2199 suorum
1242 2123 1573 2198 victuum
1613 2139 2067 2216 mercatores
2101 2121 2327 2226 profi-

171 2222 657 2322 ciscerentur,
712 2232 912 2305 sicut
946 2254 1084 2331 per
1126 2225 1524 2303 nonnullos
1568 2243 1862 2304 nostros
1919 2225 2195 2324 (omnia
2252 2244 2332 2306 vt

170 2327 238 2402 in
296 2332 723 2436 Diplomate
781 2332 1428 2414 Brassouien'sibus
1480 2357 1837 2440 concesso
1893 2332 2086 2410 Cod.
2127 2336 2321 2439 Dipl.
2366 2435 2375 2441 θ
2426 2409 2435 2418 ,

170 2449 324 2512 tom.
357 2441 452 2515 X.
487 2440 636 2515 vol.
672 2445 727 2518 Ι.
772 2471 843 2548 p.
889 2445 1069 2519 665.
1127 2457 1232 2495 -·-
1264 2436 1802 2544 impedimento
1851 2440 2010 2515 sine
2058 2440 2321 2538 omni.)

169 2537 456 2622 Harum.
483 2566 908 2626 nostrarum
966 2548 1382 2624 testimonio
1439 2544 1842 2622 literarum.
1924 2547 2196 2622 Datum
2242 2549 2320 2623 in

170 2642 550 2747 Colosuar‚
606 2656 680 2729 in
722 2655 920 2734 festo.
952 2656 1032 2731 Β.
1068 2651 1310 2732 Marci
1342 2651 1875 2757 Euangelistae.
1911 2651 2137 2729 Anno
2165 2654 2319 2732 Do·
2445 2733 2452 2756 ,

167 2754 326 2831 mini
368 2761 470 2835 M.
517 2759 1241 2866 CCC.,nonagesimo
1276 2759 1609 2864 prim0.“
1662 2760 1748 2836 L.
1788 2755 1866 2836 S.
2240 2837 2249 2848 ‚

237 2879 546 2957 originale
574 2888 917 2960 praesentis
949 2886 1309 2961 transumpti
1347 2885 1410 2943 in
1448 2884 1793 2950 membrana
1820 2888 2099 2961 patenter
2139 2899 2306 2946 ema-

330 2990 568 3064 natum,
612 2987 779 3048 intus
813 2988 1018 3065 sigillo
1046 2990 1275 3048 minore
1305 3003 1491 3048 cerae
1523 2989 1753 3048 rubrae
1790 2986 1999 3072 ductili
2042 2989 2309 3066 impres·
2354 2990 2361 2997 ’

330 3106 431 3167 so,
475 3093 797 3154 archiuum
834 3091 1183 3153 cibiniense
1216 3090 1510 3170 possidet.

1011 3266 1427 3348 CXXVIII.

157 3400 516 3474 &hismundus
555 3414 627 3466 R.
651 3412 733 3464 H.
767 3409 930 3465 Gallo
964 3412 1032 3465 de
1063 3407 1217 3465 ΖᾶσΙι
1245 3410 1475 3465 virtutis
1510 3410 1705 3466 merito
1738 3409 2067 3462 donationes
2104 3408 2308 3478 imper-

320 3498 475 3557 titur.
520 3499 585 3555 A.
624 3499 781 3559 1391,
1065 3579 1079 3590 .
1590 3495 1597 3502 ’

321 3606 470 3684 Nos
510 3607 1027 3713 sigismundus
1052 3610 1192 3685 Dei
1213 3610 1444 3712 gratia
1485 3632 1623 3684 rex.
1660 3604 2106 3705 Hungariae‚
2148 3599 2308 3676 Dal-

159 3712 429 3806 matiae,
484 3717 816 3792 Croatiae
877 3733 1016 3792 etc.
1078 3713 1420 3791 Marcbio
1464 3709 2124 3816 Brandenburgen.
2168 3725 2309 3783 etc.

163 3809 532 3898 Memoria'e
580 3819 1187 3916 commendantes
1227 3817 1718 3925 significamus
1776 3834 2038 3894 tenore
2095 3839 2310 3920 prae-

107 3989 111 3994 .
162 3927 443 4006 tentiam
478 3929 752 4029 quibus
800 3930 1110 4030 expedit
1139 3928 1539 4005 vniuersis:
1598 3911 1992 4014 Quodhos
2042 3946 2307 4000 recen·
2358 3952 2365 3958 ·

167 4022 295 4103 Sitis
329 4037 502 4111 etin
540 4035 910 4141 regalibus
948 4032 1405 4142 praecordiis
1444 4031 1667 4138 digna
1699 4030 1965 4140 mentis
2000 4028 2310 4103 medita-

168 4128 338 4220 [jone
379 4144 728 4221 reuolutis
769 4141 1169 4252 praeclaris
1212 4137 1679 4222 fidelitatibus
1699 4195 1723 4235 ‚
1794 4135 2012 4218 laude
2065 4131 2306 4240 dignis
