2875 4842
726 518 882 592 482

621 752 790 804 rum
816 782 840 823 ,
900 724 1320 815 Barmum,
1370 730 1451 798 el:
1480 720 1909 824 Magnatum
1936 723 2131 800 votis
2169 722 2407 803 deuiis
2452 740 2527 801 et
2570 721 2738 802 dolo-

620 834 722 912 sis
756 827 1422 910 machinationibus
1461 827 1540 903 in
1578 825 1715 915 bae
1757 843 1973 933 parte
2021 827 2294 909 frustra
2345 834 2736 909 remanenti·

618 940 759 1019 bus
779 997 801 1035 ‚
855 940 1181 1045 ipsisque
1225 934 1578 1038 premissa
1634 958 1899 1012 eorum
1947 935 2353 1042 dampnosa
2408 943 2735 1043 proposita

618 1046 977 1155 perficere
1029 1069 1179 1120 non
1238 1038 1692 1137 valentibus,
1760 1069 1860 1121 eo
1908 1059 2249 1148 tempore
2306 1045 2741 1150 preallegatas

615 1154 1000 1239 Emericus
1034 1149 1131 1226 de
1166 1151 1443 1233 Peren,
1489 1147 1741 1225 eximii
1780 1146 2073 1227 consilii
2102 1204 2127 1245 ,
2173 1154 2407 1230 multa
2455 1154 2736 1257 ingenio·

507 1308 513 1313 -
615 1263 826 1339 sit-te
863 1260 1310 1363 conspicuus
1333 1309 1358 1349 ,
1409 1253 1586 1330 licet
1621 1283 1758 1361 per
1794 1255 2125 1360 prefatos
2160 1277 2465 1337 nostros
2506 1261 2739 1337 emulos

613 1368 920 1445 diuersis
951 1365 1347 1443 foueretur
1381 1364 1720 1456 monitis,
1780 1378 2026 1441 tamen
2060 1366 2223 1470 ipse
2270 1364 2446 1447 fidei
2498 1368 2737 1453 imitant

613 1472 1116 1555 constanciam
1143 1525 1165 1563 ‚
1235 1495 1386 1545 non
1438 1493 1743 1563 verens,
1800 1478 2075 1576 'neque
2130 1492 2515 1568 metuens,
2572 1501 2642 1551 se
2681 1488 2737 1550 α

610 1598 872 1660 cuncta
916 1604 1045 1654 sua
1076 1576 1279 1653 bona
1301 1630 1325 1666 ‚
1381 1601 1527 1680 pro
1556 1578 1793 1653 nostri
1823 1604 2010 1681 ης]
2050 1576 2360 1656 bonor-is
2397 1582 2735 1658 exaltacio-

612 1716 707 1765 ne
734 1741 758 1778 ,
812 1685 1112 1771 fortune
1161 1680 1458 1757 casibus
1488 1681 1962 1768 submittere,
2007 1711 2257 1791 neque
2295 1694 2512 1764 etiam
2549 1688 2729 1763 dieto-

604 1823 774 1875 rum
807 1809 1234 1869 nostrorum
1263 1786 1655 1885 rebellium
1690 1792 2000 1892 vrgitina
2038 1796 2559 1899 etsuggestiua
2592 1820 2728 1898 per-

610 1902 914 1977 uersitas
948 1897 1195 2002 potuit
1232 1890 1560 1971 eundem
1610 1923 1654 1970 a
1686 1919 1819 1972 sue
1860 1892 2232 1975 fidelitatis
2290 1903 2575 1978 tramite
2625 1900 2730 1975 ali-

605 2008 1041 2110 quantisper
1072 2003 1320 2079 faeere
1368 1999 1694 2079 deniare.
1742 2000 1900 2079 Sed
1932 2022 2010 2080 vt
2061 2004 2220 2110 ipse
2276 2009 2501 2085 nobis
2550 2010 2730 2112 aptius

603 2134 681 2194 et
721 2111 1005 2189 fidelius
1048 2110 1332 2187 seruire
1386 2111 1676 2208 quiret.
1751 2111 2164 2188 Beronibus
2215 2132 2294 2189 et
2360 2114 2729 2205 Nobilibus,

600 2248 793 2327 quos
830 2244 973 2324 pro
1015 2234 1225 2325 parte
1264 2232 1522 2291 nostre
1582 2214 2062 2294 Excellencie
2120 2215 2286 2294 fore
2339 2236 2729 2327 agnouent,
2844 2310 2845 2317 ἵ

601 2325 1021 2436 specialiter
1065 2339 1316 2400 autem
1349 2319 1746 2425 Magnifice
1783 2323 1953 2402 viro
1993 2324 2219 2402 Petro
2258 2325 2361 2405 de
2399 2320 2585 2405 dieta
2621 2327 2746 2428 ¹³⁶1

606 2463 741 2515 ren
762 2488 787 2529 ,
879 2433 1054 2509 alias
1145 2429 1423 2506 Comiti
1501 2428 1926 2508 Siculorum
2017 2451 2450 2512 nostrorum
2471 2492 2493 2521 ,
2570 2429 2729 2508 fiatri

605 2569 791 2636 suo,
845 2559 920 2617 et
948 2539 1109 2640 alys
1140 2534 1513 2614 nonnullis
1538 2539 1807 2615 nostris
1836 2535 2221 2634 fidelibus,
2277 2568 2360 2619 se
2397 2535 2727 2619 adunando

610 2666 689 2728 et
726 2640 1294 2749 coniungendo,
1363 2646 1786 2747 memoratis
1838 2647 2114 2722 nostris
2163 2647 2474 2725 aemulis
2532 2665 2602 2725 et
2637 2671 2729 2719 re-

587 2754 973 2846 bellibus,
1029 2762 1379 2826 notanter
1436 2773 1624 2826 vero
1677 2746 2058 2856 Stephano
2115 2750 2211 2830 de
2273 2756 2627 2848 Debrew,
2677 2765 2731 2825 et
2846 2794 2847 2809 ι

611 2864 756 2941 suis
817 2855 1270 2943 fautoribus,
1345 2857 1483 2959 qui
1534 2854 1801 2933 lethale
1844 2857 2131 2935 bellum
2189 2860 2537 2939 aduersus
2580 2862 2731 2965 ipso·
2846 2860 2847 2885 ³

481 2962 508 2985 ²
611 2985 908 3046 nostros
947 2961 1198 3040 fideles
1222 2965 1874 3069 prope'eiuitatem
1932 2966 2371 3072 Nagypatak
2406 2966 2728 3056 spuebant,

617 3074 931 3153 viriliter
968 3070 1415 3174 preliaturus
1447 3070 1525 3145 in
1561 3095 1828 3175 eampo
1859 3097 1942 3148 se
1977 3099 2409 3179 opponens,
2436 3100 2577 3151 non
2612 3069 2731 3147 nul·
2846 3074 2847 3077 ’

620 3184 735 3261 los
768 3207 861 3256 ex
899 3179 1077 3283 ipsis
1110 3177 1379 3253 nostris
1413 3175 1818 3253 rebellibus
1863 3197 1941 3254 et
1986 3179 2411 3258 infidelibus
2462 3208 2551 3258 ex
2596 3176 2730 3252 forti

620 3282 2734 3488 235332223{2223}5:3233253231353223503

625 3502 1038 3609 perimone,
1089 3495 1286 3573 idem
1322 3496 1703 3573 Emerieus
1731 3496 1826 3573 de
1872 3501 2111 3577 Peren
2131 3557 2155 3594 ‚
2206 3502 2287 3578 in
2325 3499 2562 3580 veloci
2593 3490 2729 3600 equi

626 3597 744 3686 sui
780 3631 1003 3682 eursu
1036 3606 1234 3681 inter
1269 3600 1710 3680 bellatorum
1743 3604 1971 3707 pedes
2011 3608 2089 3682 in
2148 3626 2424 3686 terram
2470 3619 2732 3714 prostra-

629 3731 747 3792 tus
784 3712 1184 3808 extitisset3
1238 3707 1369 3785 sed
1408 3728 1653 3786 tamen
1692 3709 1922 3788 diuini
1955 3713 2305 3791 adiutor-ii
2334 3711 2639 3794 remedio
2654 3709 2732 3783 in·

630 3810 1141 3911 tei-ueniente,
1193 3815 1472 3923 absque
1506 3817 1811 3897 alicuius
1845 3818 2313 3899 releuaminis
2361 3814 2731 3903 aminiculo,

629 3930 709 4004 in
753 3927 1025 4003 virtute
1059 3948 1192 4000 sue
1220 3926 1698 4003 animositatis
1727 3942 1803 4002 et
1852 3928 2118 4004 virium
2181 3957 2473 4005 suarum
2507 3941 2731 4029 poten-

629 4037 785 4130 eia,
836 4056 1050 4108 suum
1085 4054 1357 4134 equum
1392 4030 1902 4130 reascendens,
1953 4036 2303 4141 viresque
2342 4035 2604 4113 viribus
2631 4022 2731 4102 sd·

626 4141 811 4219 dens
834 4194 859 4235 ,
911 4137 1188 4215 multos
1217 4163 1314 4216 ex
1356 4137 1625 4215 nostris
1658 4138 2085 4219 infidelibus
2132 4144 2315 4221 inibi
2364 4136 2728 4222 interemit,

626 4248 759 4325 vbi
782 4246 983 4324 idem
1011 4244 1396 4324 Emerieus
1425 4241 1522 4322 de
1558 4245 1835 4347 Peren,
1878 4274 2050 4329 eum
2081 4249 2589 4330 nonnullorum
2608 4263 2725 4319 str-
