2875 4842
1401 343 1426 376 Ι

1994 432 2144 550 1321

135 654 232 724 ‚cta
258 630 694 737 Panytbouth
713 634 1091 714 bominem
1128 653 1373 714 vestre
1412 638 1803 714 Maiestatis
1829 640 2259 743 magistrum

137 743 445 820 Thomam
483 744 804 832 socium,
861 763 936 821 et
975 742 1589 820 concanonicum
1626 760 1965 822 nostrum
2011 745 2262 824 homi-

137 876 278 925 nem
323 864 645 942 nostrum
696 847 790 924 ad
844 853 1190 954 premissa
1249 848 1568 926 fideliter
1599 850 2018 955 peragenda
2043 908 2066 948 ,
2118 876 2265 958 pro

134 955 514 1034 testimonio
572 953 920 1033 duximus
979 955 1519 1035 destinandum.
1599 957 1751 1047 Qui
1822 957 2120 1034 demum
2171 954 2264 1032 ad

137 1087 245 1137 nos
288 1061 546 1139 exinde
608 1063 889 1139 reuersi
970 1064 1189 1139 nobis
1257 1063 1732 1142 concorditer
1811 1063 2296 1149 retulerunt.·

134 1166 305 1273 quod
332 1172 494 1268 ipse
525 1168 750 1248 homo
788 1188 1033 1248 vestre
1082 1170 1478 1246 maiestatis
1507 1189 1847 1275 presente
1880 1169 2082 1248 dicto
2121 1198 2273 1246 no-

135 1293 261 1362 stro
296 1276 716 1354 testimonio
752 1273 938 1353 feria
976 1294 1241 1380 quarta
1269 1279 1611 1379 proxima
1649 1295 1817 1384 post
1852 1275 2119 1354 festum
2144 1305 2272 1352 na·

31 1481 32 1486 Ἰ
137 1382 393 1457 tiuitatis
427 1382 623 1462 beati
657 1382 1013 1462 Iohannis
1049 1384 1366 1486 baptiste
1391 1441 1413 1478 ,
1465 1400 1546 1459 et
1592 1384 1749 1486 alys
1787 1380 2051 1461 diebus
2087 1382 2275 1460 sub-

138 1488 747 1592 sequentibus,-et
785 1490 877 1565 ad
914 1488 994 1566 id
1026 1492 1550 1567 sufficientibus
1581 1489 1673 1567 ad
1709 1489 1936 1569 facies
1972 1487 2282 1567 univer-i

29 1625 30 1632 ¹
138 1620 343 1668 sarum
378 1596 972 1700 possessionum,
1028 1614 1102 1673 et
1147 1599 1595 1699 porciouum
1663 1598 2274 1702 possessionaria-

139 1726 275 1774 rum
306 1703 377 1775 in
413 1702 632 1778 dictis
677 1703 1254 1807 possessionibus
1290 1701 1662 1805 Vyndvan
1700 1702 2167 1806 Kenegynoh
2206 1719 2285 1779 et

29 1849 32 1856 ›
143 1804 504 1884 Slaunicha
540 1806 1005 1918 habitarum,
1056 1837 1193 1913 per
1233 1807 1514 1886 dictum
1551 1809 1868 1886 condam
1928 1810 2287 1916 Orgovan

144 1938 611 2015 possessarum
646 1917 942 2009 vicinis,
994 1933 1073 1992 et
1111 1921 1639 1994 commetaneis
1685 1942 1942 1993 earum
1974 1918 2288 1993 univer-

29 2119 32 2128 ,
144 2020 259 2115 sis,
307 2021 485 2098 inibi
547 2022 876 2127 legitime
923 2023 1347 2098 conuocatis
1395 2038 1475 2098 et
1530 2023 2001 2129 presentibus
2065 2046 2293 2101 acce-

29 2167 30 2176 *
146 2123 360 2224 dendo
396 2129 594 2234 ipsas
631 2128 962 2205 nobilem
1007 2131 1396 2204 Dominam
1430 2148 1506 2207 et
1542 2128 1819 2231 puellas
1854 2130 1933 2205 in
1974 2129 2294 2207 domini·
2382 2170 2388 2176 ·

146 2258 250 2308 um
300 2235 728 2314 earumdem
781 2234 1398 2329 introduxissent,
1493 2235 1938 2338 easdemque
1992 2235 2295 2338 eysdem

28 2423 32 2448 ζ
146 2344 473 2440 premisso
509 2345 558 2416 J
561 2369 695 2419 ure
731 2342 915 2445 ipsis
953 2338 1460 2435 incumbenti,
1516 2359 1881 2446 perpetuo
1923 2342 2299 2448 possiden·

29 2513 30 2516 ,
147 2444 288 2538 das,
340 2467 412 2525 et
444 2449 798 2527 tenendas
846 2447 1264 2524 statuissent
1312 2447 1517 2523 nullo
1570 2449 1864 2552 penitus
1914 2447 2299 2525 contradi·-

147 2570 326 2630 ctore
363 2573 769 2676 apparente
814 2569 1290 2641 asseruerunt
1322 2553 1796 2630 nihilominus
1842 2581 2094 2634 coram
2151 2580 2300 2631 no-

145 2655 239 2735 bis
277 2663 651 2738 Ladislaus
683 2660 872 2736 filius
895 2660 1214 2766 Philippi
1244 2656 1338 2735 de
1373 2656 1567 2737 dicta
1598 2659 1986 2762 Vyndvar,
2024 2680 2102 2739 et
2139 2657 2302 2737 Ste-
2388 2651 2394 2660 ¹

145 2763 398 2867 phanus
436 2769 634 2844 filius
679 2767 1010 2844 eiusdem
1054 2769 1190 2870 qui
1220 2768 1294 2842 in
1316 2768 1465 2845 suis
1505 2785 1581 2843 et
1613 2769 1922 2873 Georgy
1957 2768 2087 2845 filii
2109 2767 2302 2846 Mar·

144 2873 260 2947 tini
287 2874 530 2953 fratris
567 2880 906 2977 ipsorum
936 2874 1281 2979 patruelis
1317 2876 1652 2979 personis
1684 2902 1869 2951 onus
1893 2873 2302 2965 eorundem

146 3004 340 3084 super
381 3010 460 3060 se
514 2981 964 3058 assumendo
1022 2984 1099 3056 in
1153 2982 1455 3086 prefatis
1501 3007 1968 3087 ger-...per
2023 2983 2299 3085 regiam

142 3082 585 3166 Maiestatem
651 3083 886 3180 facte,
974 3090 1053 3163 in
1107 3090 1752 3192 possessionariam
1812 3090 2305 3166 statucionem

145 3193 426 3292 plenum
466 3194 937 3301 prebuerunt
969 3219 1407 3277 consensum
1446 3194 1722 3297 pariter
1770 3197 1847 3272 e't
1900 3219 2296 3272 assensum.

29 3319 30 3358 ς
143 3298 392 3378 Datum
433 3301 809 3380 sedecimo
851 3299 971 3377 die
1032 3299 1222 3376 ferie
1278 3319 1544 3407 quarte
1605 3319 2016 3406 prenotate.
2076 3300 2337 3388 Anne,

146 3401 407 3485 domini
441 3406 896 3518 supradicto.

216 3516 536 3592 originale
592 3513 958 3590 Diplomatis
1009 3515 1068 3574 in
1129 3502 1499 3574 membrana*
1539 3514 1756 3590 scripti
1804 3515 2012 3592 sigillo
2066 3514 2306 3592 provisi

315 3604 455 3662 suis
490 3600 790 3685 cymeliis¹
819 3598 1170 3658 adnumerat
1216 3597 1420 3662 Nicol.
1469 3599 1834 3662 Jankovich.

1048 3740 1396 3842 oxxrw
1431 3783 1434 3790 ·

151 3871 455 3940 Capitulum
518 3867 886 3939 Cant-{finni
929 3880 1306 3924 transumunt
1354 3839 1565 3938 Gay-sae
1614 3870 1768 3944 regis
1802 3870 2116 3926 liturarum
2153 3886 2306 3923 anno

249 3967 264 3976 ·
322 3943 484 3999 1137.
519 3939 906 4010 confectarum
928 3979 951 4005 ,
1010 3943 1174 3997 iussu
1201 3941 1356 4014 regio
1396 3943 1464 3994 in
1496 3944 1781 4000 sacristia
1819 3963 1930 3999 sua
1958 3942 2200 4017 requiris
2234 3959 2303 3993 ao

309 4017 540 4086 pariae.
590 4014 654 4072 A·
696 4012 852 4069 1390.
2046 4049 2050 4054 ,

322 4112 583 4186 Litera
650 4108 976 4211 Capituli
1048 4106 1515 4187 Castriferrei
1590 4109 2064 4209 Priuilegialis
2130 4107 2316 4186 feria

244 4218 457 4294 Tom.
493 4219 593 4292 X.
632 4216 801 4290 Vol.
836 4214 1030 4291 VIII.
1828 4224 1929 4294 21
2006 4314 2012 4322 ·
