2875 4842
2022 382 2173 523 ⁵3³³

957 647 1440 730 chxxlx.
1505 715 1544 750 ,

86 774 427 849 capitulu-
462 772 829 845 Oasmfirrbz'
866 774 1292 830 contentionem
1322 777 1476 828 inser
1500 773 1694 845 prole·
1721 775 2005 835 Elisabeth
2034 782 2099 835 de
2131 781 2290 838 Her-
2409 813 2422 822 -

297 864 580 935 mansilay
608 863 893 936 dupplici&
924 865 1265 919 matrimonii
1290 865 1606 936 confectam
1644 865 1877 924 abibat.
1913 870 1981 926 A.
2025 872 2185 927 1417.

303 983 462 1059 Nos
496 979 909 1086 Capitulum
953 980 1325 1057 Ecclesiae
1362 980 1832 1060 Castriferrei
1878 986 2289 1067 Memoriae

96 1084 743 1176 commendamus,
782 1104 1045 1163 tenore
1084 1091 1581 1190 praesentium
1620 1089 2109 1191 significantes
2132 1099 2292 1198 qui·

97 1197 249 1273 bus
282 1195 581 1298 expedit
611 1194 975 1269 vniuersis
998 1248 1017 1283 ,
1056 1190 1265 1298 quod
1307 1193 1537 1268 nobili
1576 1197 1897 1272 Domina
1925 1199 2293 1280 Elisabeth
2349 1203 2354 1210 ’

104 1305 536 1393 nominata,
590 1301 736 1376 filia
777 1295 1133 1401 Stephani
1176 1300 1268 1374 de
1329 1301 1875 1403 Hermantilay‚
1945 1309 2316 1388 consorte'

102 1406 400 1486 scilicet
435 1406 724 1485 Nicolai
768 1404 1050 1482 Bodalo
1103 1407 1286 1481 ciuis
1324 1408 1650 1485 Ciuitatis
1690 1411 2127 1489 castriferrei
2160 1444 2295 1491 re·-

99 1515 334 1622 galis‚
388 1540 475 1590 ac
516 1513 861 1592 Johanne
894 1512 1052 1589 filio
1076 1567 1098 1606 ,
1155 1538 1292 1586 nec
1330 1541 1483 1587 non
1518 1513 1752 1590 nobili
1793 1516 2116 1595 Domina
2159 1523 2297 1599 Vr·

106 1623 315 1713 sula,
374 1619 518 1696 filia
564 1619 896 1697 eiusdem
950 1621 1266 1694 Domine
1303 1617 1745 1719 Elysabetb‚
1819 1648 1912 1696 ex
1961 1626 2100 1700 alio
2134 1633 2298 1707 viro

114 1756 257 1805 suo
293 1730 581 1831 genita,
639 1750 825 1802 vxor
864 1726 1235 1800 Valentini
1247 1778 1279 1828 2
1321 1723 1679 1827 -fitydicti
1714 1727 2001 1806 Nicolai
2065 1734 2298 1810 Boda-

113 1837 193 1912 lo
249 1878 354 1896 -
411 1874 514 1890 —
571 1872 685 1892 -
734 1829 1266 1934 personaliter,
1324 1858 1554 1908 onera
1586 1859 1767 1908 vero
1809 1854 1885 1910 et
1932 1846 2301 1940 grauami-

116 1970 217 2017 na
277 1939 662 2019 Nobilium
696 1935 1144 2042 puellarum
1170 1992 1192 2031 ,
1276 1937 1682 2015 Katbarine
1735 1957 1810 2014 et
1842 1939 2174 2023 Barbare
2214 1974 2304 2024 ao

116 2046 501 2125 Dorotbee
534 2102 557 2140 ,
586 2045 908 2120 filiarum
955 2070 1097 2121 nec
1137 2073 1288 2121 non
1332 2045 1397 2119 N
1408 2045 1624 2121 icolai
1666 2045 1795 2122 filii
1832 2049 2117 2151 prefate
2155 2058 2303 2129 Do-

113 2159 313 2233 mine
372 2151 740 2234 Elisabeth
798 2177 894 2225 ex
948 2152 1112 2255 ipso
1180 2151 1492 2236 Nicolao
1552 2151 1879 2246 Bodalo‚
1971 2178 2305 2261 preterea

116 2258 476 2365 Stephani
541 2257 671 2359 fily
732 2259 963 2362 ipsius
1022 2257 1346 2332 Domine
1398 2259 1726 2351 Vrsule,
1796 2260 1890 2335 ab
1941 2264 2104 2367 ipso
2155 2268 2304 2341 Va-

115 2367 400 2445 lentino
436 2383 1004 2471 procreatarum
1029 2418 1050 2457 ,
1088 2366 1157 2438 in
1202 2381 1453 2440 tenera
1499 2381 1694 2441 etate
1729 2372 2308 2451 constitutorum

116 2501 340 2577 supra
372 2500 449 2552 se
489 2500 575 2550 ac
621 2497 884 2550 eorum
927 2469 1123 2545 bona
1163 2487 1236 2545 et
1288 2470 1731 2566 hereditates
1756 2531 1775 2559 .
1847 2477 1906 2549 si
1948 2476 2172 2554 iidem
2228 2482 2303 2556 in

115 2581 607 2683 infrascriptis
645 2577 1042 2682 persistere
1076 2576 1409 2668 nollent,
1477 2579 1950 2683 recipiendo,
1989 2582 2082 2657 ab
2121 2613 2258 2660 vna
2284 2647 2304 2674 ‚

115 2706 322 2790 parte
360 2714 545 2765 vero
573 2683 669 2759 ab
716 2686 857 2760 alia
899 2685 1245 2787 praefatis
1294 2682 1696 2764 Valentino
1739 2712 1826 2761 ac
1862 2689 2301 2782 Benedicto‚

112 2793 279 2870 filiis
330 2794 511 2872 dicti
546 2793 835 2867 Nicolai
877 2791 1159 2867 Bodalo
1199 2816 1295 2865 ex
1327 2790 1465 2867 alia
1502 2820 1739 2870 vxore
1785 2820 1911 2870 sua
1932 2849 1958 2884 ,
2013 2801 2302 2898 genitis,
2337 2819 2344 2826 ’

111 2900 440 2978 similiter
492 2898 987 3004 personaliter
1037 2922 1290 2973 coram
1352 2898 1571 2974 nobis
1632 2905 2090 2996 constitutis,
2167 2933 2302 3009 per

113 3007 408 3085 eosdem
452 3022 715 3109 sponte
752 3030 841 3080 ac
881 3003 1285 3078 liberaliter
1329 3006 1747 3082 confessum
1805 3010 2047 3085 extitit
2083 3016 2299 3086 mini·
2428 3094 2435 3102 ,

115 3114 340 3192 sterio
372 3115 547 3191 vine
596 3114 827 3206 vocis,
877 3111 1161 3217 pariter
1180 3129 1252 3187 et
1274 3111 1584 3188 relatum
1613 3116 1688 3187 in
1728 3112 1924 3189 hunc
1958 3117 2296 3193 modum:

116 3219 333 3313 Quod
379 3221 520 3325 ipsi
556 3216 660 3293 ob
699 3222 1128 3321 premissam
1171 3216 1510 3293 linealem
1557 3221 2047 3323 proximitatis
2106 3250 2296 3306 con,-

111 3327 510 3404 nexionem
534 3324 792 3415 „inter
827 3349 959 3401 eos
996 3322 1318 3399 habitam
1364 3343 1440 3400 et
1478 3326 1942 3432 dispositam,
1996 3355 2151 3404 sese
2183 3367 2296 3391 --

116 3436 186 3510 in
246 3431 834 3538 possessionibus
895 3433 1224 3534 ipsorum
1308 3431 1861 3536 Hermantilay,
1932 3433 2287 3538 Pestilay,

113 3539 564 3640 Bathyztilay
590 3593 615 3628 ,
676 3535 946 3639 Kayd‚
984 3564 1075 3613 ex
1117 3538 1469 3639 portione
1508 3542 2070 3643 possessionen-ia
2104 3559 2284 3618 eon'·

110 3647 271 3724 dam
314 3642 734 3738 Michaelis,
793 3643 921 3717 filii
963 3643 1334 3746 Lamperti
1360 3700 1381 3738 ,
1415 3645 1492 3718 in
1533 3645 1790 3721 eadem
1830 3648 2041 3748 Tilay
2078 3646 2281 3726 habi-

109 3772 222 3847 ta,
298 3754 373 3827 in
423 3749 800 3829 Comitatu
848 3748 1312 3825 Castriferrei
1356 3766 1433 3825 et
1485 3751 1641 3827 aliis
1700 3754 2278 3858 possessionibus

106 3857 203 3938 et'
226 3854 693 3963 portionibus
725 3858 1354 3960 possessionen-iis,
1409 3855 1721 3934 vbilibet
1755 3860 2271 3951 existentibus,

110 3968 348 4094 ipsos,
396 3966 600 4068 ipsos
640 3979 784 4038 tam
821 3964 1359 4057 communiter,
1414 3991 1637 4065 quam
1691 3966 1904 4041 etiam
1955 3968 2269 4070 singilla-

108 4091 237 4152 um
270 4067 927 4164 concernentibus,
983 4069 1506 4169 interqueeos
1560 4097 1754 4178 equa
1813 4074 2018 4148 lance
2067 4076 2304 4150 diui--

104 4178 353 4256 <lendis
376 4232 401 4272 ,
455 4194 533 4254 et
568 4178 789 4254 etiam
822 4197 965 4278 pro
999 4201 1133 4274 eo,
1187 4176 1361 4280 quia
1399 4178 1666 4284 prefati
1704 4178 2140 4257 Valentinus
2187 4199 2266 4259 et

204 4286 413 4365 Tom.
444 4285 543 4362 X.
575 4282 751 4360 Vol.
788 4283 989 4361 Vm.
1055 4394 1059 4399 ,
1772 4290 1875 4361 38
