2875 4842
612 387 760 464 ¹36

487 621 627 690 se,
669 591 874 699 qu'od
922 619 1060 672 uos
1096 593 1171 668 in
1223 531 1682 672 libertatibus
1729 619 1997 671 eorum
2045 592 2143 672 ab
2191 596 2502 699 antiquo
2547 589 2698 670 ob·-

487 701 843 824 servatis,
921 725 1061 802 per
1111 700 1442 778 Illustres
1503 700 1745 802 Reges
1818 696 2442 792 Praedeeessores
2531 701 2701 788 No·-

490 824 687 888 stros
756 805 948 912 ipsis
992 806 1184 882 datis
1244 825 1327 884 et
1382 809 1792 900 concessis,
1861 833 1948 882 ae
2002 833 2136 912 per
2189 802 2702 885 succe-sores

491 910 902 993 eorundem
944 915 1234 1018 Regum
1262 970 1285 1004 ,
1344 934 1420 992 et
1462 940 1628 1018 per
1642 914 1821 990 oiim
1855 908 2436 991 serenissimum
2475 914 2702 998 Prin-7

491 1023 736 1126 eipem
783 1021 1178 1096 Dominum
1224 1018 1690 1100 Lodovieum
1749 1024 2031 1126 Regem
2069 1021 2500 1122 Hungariae
2531 1038 2703 1098 εισι

492 1130 925 1204 Genitorem
980 1122 1336 1203 Nostrum
1385 1126 1866 1205 Carissimum
1916 1129 2085 1233 piae
2147 1124 2705 1206 recordationis

416 1293 421 1298 -
492 1232 943 1312 confirmatis
996 1233 1305 1309 minime
1366 1237 1945 1336 conservaretis,
2014 1238 2167 1311 imo
2222 1252 2490 1310 eontra
2547 1231 2707 1312 for-
2803 1299 2808 1302 .

492 1368 690 1428 mam
742 1339 982 1415 dmtae
1024 1337 1394 1424 libertatis
1436 1367 1707 1417 eorum
1754 1341 2178 1419 tributarias
2215 1344 2708 1433 exactiones,

494 1466 574 1524 et
619 1448 789 1522 alias
838 1443 1245 1547 illegitimas
1291 1447 1698 1524 solutiones
1737 1448 1937 1552 exigi
1979 1467 2061 1526 et
2111 1447 2554 1552 extorqueri
2591 1445 2706 1522 fa·

497 1554 781 1642 eeretis
793 1553 892 1628 ab
932 1552 1259 1629 eisdem
1236 1582 1312 1629 ιιι
1355 1553 1807 1657 derogamen
1822 1572 1901 1633 et
1917 1554 2476 1631 detrimentum
2468 1578 2707 1659 prae·

468 1662 745 1741 -dieme
771 1658 1180 1740 Libertatis
1236 1659 1651 1740 eorundem
1719 1661 1933 1739 valde
2006 1687 2377 1766 magnum.
2473 1659 2704 1736 Unde

500 1794 673 1843 eum
728 1765 886 1842 Nos
940 1766 1251 1843 eandem
1297 1771 1686 1846 Civitatem
1738 1787 2068 1864 nostram
2118 1766 2703 1860 Posoniensem,

501 1891 595 1951 et
614 1873 845 1955 ,Cives
896 1900 983 1950 ae
1027 1873 1376 1978 Hospites
1419 1875 1797 1952 Nostros
1773 1901 1856 1950 m
1901 1874 2163 1952 eadem
2208 1874 2522 1951 Civitate
2565 1897 2705 1950 no-

502 1999 651 2059 stra
684 1997 1277 2076 commorantes,
1330 1983 1403 2055 in
1460 1981 1842 2086 praedicta
1887 1999 1970 2059 et
2022 1981 2178 2058 aliis
2225 1977 2706 2056 libertatibus

503 2091 844 2215 ipsorum
901 2083 1342 2166 indemniter
1403 2088 1711 2165 velimus
1765 2112 2250 2178 eonservare,
2326 2085 2708 2164 Fidelitati

504 2197 726 2297 igitur
749 2193 1259 2272 Universitatis
1285 2193 1587 2271 Vestrae
1632 2193 1849 2271 firmo
1882 2192 2219 2296 Reginali
2251 2189 2518 2272 damus
2559 2193 2707 2271 sub

505 2301 817 2426 Edicto,
872 2317 1238 2400 quatenus
1277 2301 1444 2378 visis
1483 2301 1994 2404 praesentibus
2027 2329 2071 2376 a
2106 2300 2335 2380 modo
2384 2317 2464 2377 et
2495 2299 2712 2380 dein-

508 2435 688 2515 ceps
734 2410 811 2484 in
847 2423 1069 2486 antea
1104 2405 1522 2512 praedictos
1571 2410 1790 2485 Cives
1829 2426 1905 2484 et
1945 2409 2292 2511 Hospites
2341 2408 2706 2500 Nostros,

508 2531 587 2592 et
625 2516 951 2619 singulos
983 2514 1523 2619 singulariter
1502 2544 1576 2591 ιιι
1631 2519 1785 2620 ipsa
1827 2515 2142 2592 Civitate
2183 2515 2458 2595 Nostra
2498 2537 2709 2589 com·

511 2640 923 2715 morantes,
978 2649 1116 2726 per
1173 2621 1332 2696 loca
1372 2620 1865 2698 Tributorum
1917 2639 2335 2697 vestrorum
2358 2675 2381 2715 ,
2437 2635 2512 2697 et
2547 2620 2710 2695 No

513 2747 877 2825 atrorum,
936 2752 1109 2801 cum
1137 2728 1506 2829 personis
1523 2745 1600 2804 et
1654 2726 1881 2803 rebus
1923 2754 2189 2804 eorum
2229 2725 2711 2824 mercimoni·

510 2834 786 2926 aiibus,
842 2834 1359 2935 cuiuscunque
1418 2833 1715 2939 generis
1770 2833 1888 2910 vel
1945 2835 2318 2910 materiei
2350 2835 2711 2926 existant,

517 2940 635 3019 vel
678 2941 851 3015 alias
908 2938 1402 3045 quovismodo
1461 2959 1952 3034 nauseantes,
2012 2943 2214 3018 iuxta
2273 2937 2581 3016 modum
2631 2955 2714 3015 et

412 3051 433 3066 ⁸
514 3046 836 3126 formam
874 3048 1311 3171 praemissae
1346 3045 1708 3123 libertatis
1756 3074 2022 3126 eorum
2079 3064 2341 3142 euntes
2375 3058 2457 3122 et
2487 3042 2710 3121 rede·

426 3165 435 3174 '
517 3174 774 3249 untes,
814 3171 1057 3260 prout
1087 3157 1160 3229 in
1198 3153 1356 3229 aliis
1390 3154 1714 3230 litteris'
1691 3154 1920 3259 ipsius
1966 3133 2281 3231 condam
2320 3151 2713 3228 Genitori·

519 3265 773 3342 Nostri
826 3253 1096 3336 exinde
1133 3260 1493 3337 confectis
1536 3261 1882 3338 videbitis
1940 3260 2359 3355 contineri,
2411 3257 2712 3359 absque

518 3370 759 3445 omnis
794 3368 1050 3445 tributi
1093 3366 1507 3456 solutione,
1567 3367 1799 3444 iibere
1844 3386 1920 3452 et
1950 3392 2254 3460 secure,
2303 3366 2478 3444 sine
2493 3367 2712 3444 omni

519 3472 1054 3579 impedimento
1099 3471 1303 3551 abire
1335 3492 1412 3550 et
1458 3475 1771 3550 transire
1803 3474 2292 3578 permittatis,
2349 3491 2425 3549 et
2461 3469 2716 3556 aliud.

518 3584 707 3661 sieut
756 3578 1104 3659 Nostram
1146 3580 1584 3683 Reginalem
1636 3582 2026 3660 incurrere
2078 3578 2491 3658 formidatis
2527 3578 2718 3654 indi-

444 3683 449 3690 ’
519 3688 977 3792 gnationem,
1033 3688 1443 3764 nuliatenus
1480 3687 1892 3766 facientes'
1869 3714 1947 3766 ιιι
1983 3687 2437 3791 praemissis,
2486 3686 2716 3762 scitu·

522 3795 588 3870 ri
657 3812 1081 3872 constanter
1114 3849 1137 3889 ,
1222 3794 1492 3896 quodsi
1558 3797 1637 3870 in
1710 3811 2229 3919 contemptum
2291 3791 2727 3872 huiusmodi-

525 3902 787 3978 Nostri
823 3900 1159 3980 Mandati
1197 3927 1403 3980 secus
1438 3900 1825 3980 feceritis
1802 3929 1882 3977 ιιι
1920 3898 2377 4007 praemissis,
2431 3915 2718 3976 extunc

524 4009 1022 4088 commisimus
1045 4063 1067 4102 ,
1138 4024 1214 4084 et
1289 4034 1360 4081 vx
1415 4031 1551 4086 ore
1609 4010 2107 4111 praesentium
2184 4007 2717 4083 committimus

529 4113 920 4221 Magnifice
972 4115 1161 4192 Viro
1202 4033 1512 4190 Niooqao
1597 4113 1689 4188 de
1752 4117 2022 4210 Gara,-
2082 4112 2411 4222 Psintino
2467 4112 2714 4215 Regni
