2875 4842
659 495 859 565 -676

594 719 902 782 tuentur
959 699 1153 805 ‘Ideo
1186 725 1533 805 rogamus
1559 722 1694 774 vos
1733 696 2121 800 diligenter
2155 715 2587 802 quatenus,
2640 717 2792 776 tum

589 811 820 916 ipsius
869 810 1148 886 domini
1203 808 1435 883 nostri
1501 805 2046 910 gratiosissimi,
2102 823 2259 881 tum
2318 809 2553 883 etiam
2603 833 2790 911 pro-

585 921 735 1024 prii
793 913 1094 993 honoris
1148 914 1416 1007 vestri,
1473 914 1573 987 ob
1629 930 2085 1014 respectum,
2143 915 2580 1013 praelibatis
2642 913 2786 989 do·

584 1027 792 1100 mino
841 1024 1015 1099 duci
1077 1041 1153 1106 et
1208 1021 1549 1097 dominae
1588 1018 1919 1094 ducissae
1971 1017 2065 1094 de
2116 1022 2403 1097 cunctis
2443 1022 2786 1097 victuali·

576 1128 771 1221 hus,
829 1135 1033 1207 iuxta
1069 1131 1336 1205 virium
1378 1145 1783 1204 vestrarum
1830 1124 2254 1229 qualitatem
2284 1182 2307 1221 ,
2358 1130 2779 1232 prouidere

573 1237 836 1315 velitis.
880 1282 989 1301 -
1025 1236 1404 1338 Scriptum
1448 1238 1524 1311 in
1549 1232 2042 1336 Crysserdorf
2071 1231 2247 1309 feria
2296 1235 2571 1336 quinta
2608 1261 2777 1339 pro·

489 1366 496 1379 ¹
574 1346 776 1437 xima
827 1361 998 1420 ante
1056 1344 1321 1417 festum
1361 1340 1634 1416 Beatae
1674 1340 1945 1416 Luciae
2009 1338 2330 1446 Virginis
2363 1359 2447 1418 et
2475 1340 2769 1444 Marty-

563 1454 696 1530 tis,
767 1450 998 1527 Anno
1039 1450 1344 1527 Domini
1389 1446 2012 1524 MCDXXXVII.

653 1578 756 1640 Ex
777 1576 974 1642 MSS.
1009 1572 1473 1636 Cornidesianis
1513 1574 1702 1635 Tamo
1744 1572 1887 1633 ΧΠ.

1416 1742 1540 1819 CC
1544 1740 1898 1821 CXXIII.

555 1884 911 1959 Diognphia
937 1883 1280 1958 &gis-andi
1312 1878 1489 1952 Roas-l,
1511 1885 1879 1955 Imperant-is
1895 1901 1983 1938 -αε
2023 1883 2362 1946 Bononiae,
2406 1887 2754 1962 Hungan'an

747 1981 903 2053 ragis
955 1994 1183 2035 auctore
1223 1981 1461 2054 quodam
1482 1998 1486 2003 ·
1508 1983 1748 2036 consuo.
2166 2028 2171 2033 .

746 2089 1258 2196 sigismundus
1293 2089 1608 2183 Caesar,
1664 2089 1914 2167 Caroli
1947 2094 2191 2196 quarti
2226 2088 2553 2170 Romani
2592 2098 2744 2172 Im-

548 2205 918 2306 peratoris
968 2197 1228 2280 filins3‘
1266 2196 1484 2272 Senis
1544 2218 1956 2301 conceptus
1995 2197 2178 2288 fuit,
2251 2203 2331 2275 in
2384 2199 2746 2281 Bohemia

550 2334 734 2386 vero
770 2325 999 2383 natus.
1056 2306 1247 2380 Nam
1280 2322 1352 2379 et
1388 2320 1602 2407 pater
1636 2309 1792 2380 eius
1820 2331 1956 2380 rex
2005 2302 2513 2384 Bobemorum
2576 2309 2742 2386 fuit.

547 2415 788 2516 Origo
826 2415 1138 2491 istorum
1178 2436 1275 2488 ex
1314 2410 1769 2512 Luceburgu
1813 2407 1997 2506 fuit,
2050 2413 2148 2487 ab
2188 2415 2514 2491 Hem-ico
2575 2418 2740 2494 VII.
2868 2496 2869 2503 χ

544 2527 1001 2625 Imperatore
1048 2517 1546 2609 descendens,
1604 2520 1815 2594 cuius
1857 2516 2040 2594 filius
2089 2518 2458 2595 Iohannes
2506 2520 2741 2600 filiam

545 2632 741 2734 regis
782 2623 1169 2701 Bohemiae
1203 2621 1601 2701 haeredem
1622 2628 1910 2728 accepit
1945 2651 2253 2700 onrem
2274 2682 2295 2718 ‚
2329 2654 2469 2731 per
2501 2656 2737 2733 quam

507 2720 508 2731 ἵ
542 2753 623 2813 et
653 2760 892 2839 regno
929 2736 1207 2837 potitus
1231 2749 1380 2807 est.
1442 2731 1582 2805 Hic
1623 2729 1854 2806 filium
1883 2730 2143 2807 habuit
2182 2732 2575 2820 Cat-olum,
2635 2762 2733 2813 ex

503 2894 512 2901 -
543 2870 699 2948 quo
721 2858 935 2915 natus
972 2857 1082 2915 est
1117 2838 1566 2914 venceslaus
1595 2855 1672 2913 et
1705 2836 2237 2939 sigismundus.
2275 2841 2730 2922 venceslaus

545 2950 800 3028 senior
836 2947 1031 3054 patri
1063 2944 1414 3021 successit
1448 2945 1522 3018 in
1578 2970 1815 3048 regno
1854 2943 2255 3033 Bohemiae
2298 2975 2388 3022 ac
2434 2952 2731 3027 Roma-

542 3082 814 3133 norum
856 3080 990 3130 rex
1033 3071 1318 3130 creatus
1355 3050 1512 3143 est,
1567 3079 1719 3128 non
1758 3070 2004 3128 tamen
2048 3056 2206 3129 sine
2258 3053 2422 3131 labe
2462 3054 2730 3134 Simo-

538 3148 744 3255 niae,
816 3160 1188 3262 corruptis
1225 3156 1702 3235 Electoribus
1753 3186 1796 3232 a
1836 3157 2134 3236 Carolo.
2204 3159 2729 3263 sigismundus
2864 3208 2865 3219 κ

543 3290 789 3348 autem
833 3269 1185 3358 Mariam,
1245 3265 1608 3343 Ludouici
1645 3268 1832 3369 regis
1870 3265 2291 3369 Hungariae
2337 3268 2553 3344 filiam
2577 3326 2603 3362 ,
2642 3272 2723 3349 in

537 3375 1095 3454 matrimonium
1140 3372 1278 3449 sibi
1324 3373 1763 3461 collocauit,
1822 3392 2136 3476 propter
2173 3403 2395 3478 quam
2453 3395 2532 3454 et
2584 3406 2720 3454 re-

538 3509 764 3587 gnum
809 3483 1228 3584 Hungariae
1257 3478 1604 3582 suscepit.
1660 3478 1976 3556 Plurima
2020 3498 2259 3556 tamen
2296 3484 2374 3558 in
2413 3508 2507 3558 eo
2543 3512 2711 3588 pas-

537 3615 660 3667 sus
727 3606 879 3682 est,
952 3584 1481 3663 rebellantibus
1547 3590 1833 3687 saepius
1890 3589 2291 3689 Hungaris3
2382 3614 2698 3695 quorum

538 3697 942 3803 propria
984 3693 1400 3771 mutatio
1444 3712 1579 3770 est.
1636 3690 2273 3797 conspirauerunt
2306 3714 2554 3775 autem
2584 3723 2698 3773 se-

531 3805 682 3881 mel
737 3801 1109 3905 Hungari,
1203 3823 1616 3900 manusque
1665 3802 1743 3876 in
1800 3799 2354 3904 Sigismundum
2411 3806 2710 3887 iniicere

532 3925 955 4001 tentarunt,
1012 3909 1545 4005 venientesque
1581 3909 1659 3983 in
1697 3908 1937 3983 subm
1978 3911 2251 4011 regium
2293 3909 2711 3991 scelusfad·

528 4004 1291 4095 mittere.statue‘=·unt.
1351 4012 1574 4104 Quod
1619 4041 1792 4091 cum
1831 4012 2343 4116 sigismundus
2390 4017 2710 4094 animad-

526 4129 915 4216 uertisset,
967 4136 1261 4221 arrepta
1312 4124 1500 4213 sica,
1571 4123 1648 4197 in
1697 4121 1943 4201 locum
2001 4123 2211 4200 aulae
2262 4126 2708 4201 eminentio-

527 4252 688 4307 rem
732 4229 1105 4342 οεοειιρἰ,
1149 4246 1590 4332 ‘venusque
1654 4228 1733 4304 in
1792 4228 2169 4322 Barones,
2234 4228 2733 4341 rutilantibus.
