2875 4842
2003 500 2152 574 155

133 733 245 785 nec
279 732 418 786 non
450 709 921 785 statutionem
958 724 1264 812 quartae
1301 710 1523 812 partis
1556 725 1799 787 terrae
1838 701 2059 789 trium
2101 691 2261 785 ara-

135 832 414 911 trorum,
469 817 660 894 intra
698 835 927 893 metas
960 816 1218 920 dictae¹
1241 815 1716 919 possessionis
1755 812 2071 894 Szkaros
2107 818 2262 893 exi-

137 927 389 1017 stentis,
457 951 498 997 a
563 942 774 1027 parte
824 923 1301 1026 possessionis
1358 920 1631 997 Pei-bes
1677 922 2116 1019 adiacentis,
2184 940 2262 999 et

133 1044 444 1105 metarum
493 1034 946 1105 erectionem
1009 1021 1376 1104 dictarum
1432 1030 1913 1132 possessionis
1963 1046 2041 1107 et
2088 1054 2263 1134 pos·

135 1136 559 1212 sessionariae
599 1137 958 1241 portionis
998 1159 1142 1239 pro
1184 1134 1626 1211 testimoniis
1677 1134 2260 1213 destinassemus.
2307 1187 2314 1196 -

135 1239 417 1318 Tandem
468 1243 697 1320 iidem
734 1259 976 1320 vester
1016 1258 1094 1317 et
1138 1240 1373 1316 nostri
1416 1241 1755 1318 homines
1804 1243 1897 1318 ad
1946 1270 2084 1320 nos
2127 1269 2265 1319 re-

138 1347 432 1445 deuntes,
506 1348 726 1426 nobis
790 1347 1270 1426 concorditer
1324 1348 1740 1425 retulerunt
1790 1353 1932 1428 isto
1982 1348 2260 1425 modo:

139 1453 320 1544 Quod
343 1459 481 1561 ipsi
518 1452 643 1532 die
684 1456 1095 1536 Dominico.
1118 1454 1466 1559 proximo
1501 1472 1672 1559 post
1715 1457 2128 1558 quindenas
2159 1455 2266 1532 fe·

139 1561 214 1634 sti
236 1560 408 1639 Beati
429 1564 741 1667 Georgy
772 1559 1128 1664 Martyris
1164 1587 1369 1638 nunc
1416 1565 1882 1664 praeteritas,
1914 1589 2084 1639 cum
2127 1562 2265 1639 eis-

138 1664 273 1741 dem
321 1668 744 1774 Stephano,
798 1667 952 1744 filio
992 1660 1317 1762 Nicolai‚
1375 1685 1670 1763 actore3
1729 1669 2062 1745 Farkasio
2112 1667 2265 1746 filio

139 1773 430 1871 Joannis,
481 1774 772 1854 Jacobo
792 1832 815 1870 ,
873 1794 948 1851 et
983 1774 1279 1850 Sandor
1315 1773 1477 1851 filiis
1501 1774 1886 1871 Andreae,
1942 1794 2017 1852 et
2047 1779 2092 1850 J
2099 1803 2266 1852 oan-

139 1902 247 1971 ne,
295 1881 437 1960 filio
496 1882 740 1976 Petri,
794 1907 881 1958 ac
925 1880 1269 1972 Alberto,
1323 1879 1476 1956 filio
1519 1877 1883 1976 Ladislai,
1939 1909 2079 1959 nec
2113 1909 2265 1957 non

140 1988 533 2086 quibusdam
573 1988 732 2064 aliis
770 1989 1162 2065 Nobilibus
1213 1992 1291 2064 in
1335 1987 1532 2063 dicta
1580 1981 1894 2067 Szkaros
1936 1993 2273 2065 accessis·

139 2111 269 2168 sent
303 2096 389 2170 ad
432 2094 658 2173 facies
695 2100 1230 2198 possessionum
1284 2092 1603 2169 Szlu'iros
1642 2112 1719 2170 et
1761 2097 1897 2172 Kis
1941 2099 2218 2198 Runya
2243 2148 2265 2187 ,

141 2195 256 2272 alio
295 2206 594 2278 nomine
645 2203 783 2276 Kis·
822 2204 1101 2277 Hamva
1149 2221 1611 2296 vocatarum,
1667 2221 1741 2278 et
1797 2206 2033 2305 primo
2073 2204 2271 2279 vici-

140 2306 262 2399 nis,
308 2327 380 2384 et
420 2311 950 2386 commetaneis
985 2307 1225 2384 dictae
1265 2311 1735 2412 possessionis
1756 2308 2072 2384 Szkaros
2096 2365 2117 2402 ‚
2173 2309 2278 2383 le·¹

140 2414 347 2520 gitime
382 2417 820 2492 conuocatis
855 2441 943 2491 ac
977 2412 1251 2490 eisdem
1289 2413 1839 2520 praesentibus,
1900 2414 2271 2519 praescri-

139 2533 304 2620 ptam
350 2526 766 2627 portionem
823 2523 1464 2627 possessionariam
1518 2519 1697 2594 dicti
1754 2521 2085 2611 Alberti,
2140 2518 2274 2595 filii

140 2624 402 2726 Jacobi,
460 2633 545 2704 in
591 2628 846 2704 eadem
884 2627 1199 2704 Szkaros
1235 2629 1715 2721 existentem,
1769 2628 1989 2731 signis
2034 2640 2265 2701 meta-

141 2727 298 2811 libus
340 2737 689 2841 vndeque
720 2736 1279 2829 circumdatam,
1332 2737 1406 2809 in
1453 2760 1601 2837 qua
1650 2737 1977 2838 primum
2024 2735 2275 2822 locum

140 2843 575 2919 sessionalem
610 2841 934 2919 eiusdem
969 2841 1316 2920 aedificiis
1353 2839 1813 2936 destitutum,
1867 2838 2131 2916 decem
2170 2842 2277 2914 in·

140 2959 345 3050 tegras
377 2951 739 3027 sessiones
797 2950 1188 3054 populosas
1222 2949 1711 3051 reperissent,
1766 2951 1842 3022 in
1882 2945 2061 3023 duas
2101 2973 2276 3051 par-

140 3064 229 3128 tes
277 3076 509 3135 rectas
554 3076 629 3133 et
689 3057 1029 3161 aequales
1081 3054 1540 3148 diuisissent,
1594 3070 1671 3127 et
1701 3079 1939 3127 niam
1987 3070 2277 3157 partem

141 3165 536 3240 earumdem
568 3192 610 3237 a
656 3181 863 3266 parte
894 3160 1264 3237 Ecclesiae
1302 3160 1510 3235 Beati
1555 3159 1858 3234 Martini
1886 3159 2280 3235 Confesso·

138 3270 251 3360 ris,
302 3271 797 3359 adiacentem,
874 3267 1201 3373 praefato
1255 3265 1678 3370 StephanO,
1735 3263 1887 3340 filio
1949 3260 2275 3353 Nicolai‚

143 3389 206 3447 et
232 3374 374 3453 filio
428 3404 517 3453 ac
550 3376 908 3482 proximis
953 3374 1321 3469 eiusdem,
1376 3371 1744 3449 residuam
1786 3376 1950 3448 viro
1997 3387 2282 3474 partem

145 3483 543 3561 earumdem
577 3479 998 3559 memoratis
1036 3480 1427 3558 Nobilibus
1474 3481 1552 3554 in
1595 3505 1888 3556 causam
1930 3478 2281 3571 attractis,

145 3609 217 3660 ac
248 3589 795 3692 posteritatibus
818 3589 1244 3665 earumdem
1274 3586 1693 3665 statuissent
1718 3604 2082 3689 perpetuo
2121 3608 2284 3688 pos-

149 3692 475 3772 sidendas.
570 3693 821 3771 Metae
871 3722 1095 3792 vero,
1155 3694 1422 3800 quibus
1469 3692 1663 3768 dicta
1702 3694 1952 3796 portio
1995 3715 2282 3795 posses·

151 3803 544 3879 sessionaria
581 3803 1392 3908 praescripti,Alberti,
1448 3796 1575 3872 filii
1609 3799 1918 3894 Jacobi,
1974 3822 2286 3874 circum-

155 3899 389 3999 datur,
448 3927 669 4013 prout
717 3906 916 3983 idem
982 3928 1220 3984 vester
1270 3911 1362 3981 et'
1401 3907 1634 3980 nostri
1692 3902 2022 3981 homines
2061 3900 2282 3979 nobis

157 4033 682 4116 expresserunt,
717 4013 859 4090 hoc
897 4014 1163 4091 ordine
1195 4010 1814 4119 praetenduntur:
1872 4007 2096 4103 Quod
2123 4008 2284 4111 ‘pri-
2325 4039 2330 4042 ·

159 4138 255 4198 ma
289 4141 475 4197 meta
525 4121 883 4228 portionis
922 4118 1526 4225 possessionariae
1566 4118 1983 4224 praedictae
2022 4114 2289 4216 incipit

163 4218 237 4296 ab
261 4251 389 4304 vna
424 4227 689 4306 arbore
722 4230 922 4332 pomi
951 4246 1145 4307 meta
1178 4246 1417 4306 terrea
1458 4222 1959 4317 circumfossa,
2014 4240 2089 4299 et
2122 4223 2287 4298 iux-
