2875 4842
2091 468 2251 546 48³

158 668 527 752 uientium
556 688 863 750 suorum
901 666 1103 751 finali
1121 669 1484 770 excidio,
1538 689 1618 750 et
1646 674 2027 783 sanguinis
2055 678 2352 763 effusio·

155 805 261 856 ne
315 807 472 858 non
511 777 873 856 modicam
926 774 1191 857 cedem
1241 782 1333 858 'et
1361 797 1686 887 stragem
1726 780 2047 878 faciens,
2103 786 2358 890 placi-

159 904 330 964 tum
367 903 443 962 et
494 886 894 962 maximum
961 884 1179 969 nobis
1228 883 1565 963 exhibuit
1597 882 2049 969 famulatum.
2104 891 2353 970 Nihil-

154 984 459 1069 ominus
498 992 792 1069 tandem
827 988 1258 1071 necessitate
1289 1021 1428 1077 nos
1477 994 1928 1101 perurgente
1967 1000 2212 1103 ipsum
2257 999 2358 1076 Ε..

150 1099 572 1194 mericum,
627 1096 724 1174 de
764 1097 1046 1191 Peren,
1104 1100 1275 1177 Deo
1307 1120 1386 1178 et
1423 1082 1845 1179 hominibus
1886 1090 2354 1208 placibilem,

153 1207 411 1284 forma
445 1204 848 1298 decorum,
907 1203 1118 1282 vultu
1155 1208 1747 1285 venustissimum
1770 1264 1795 1307 ,
1848 1209 2103 1287 eximii
2158 1239 2360 1290 con-

151 1314 308 1392 sitii
344 1328 421 1390 et
446 1314 723 1418 ingenii
764 1309 1124 1419 legalitate
1162 1331 1240 1389 et
1278 1314 1705 1393 maturitate
1758 1311 2346 1423 prefulgentem,

151 1421 838 1526 circumspicientes
909 1434 988 1519 et
1061 1438 1547 1525 agnoscentes
1640 1420 1653 1519 J
1681 1435 1886 1497 trans
1954 1427 2356 1505 maritimas

220 1544 413 1605 artes
468 1527 547 1603 iu
616 1526 849 1602 ardua
919 1522 1359 1625 ambasciam
1394 1580 1420 1622 ,
1505 1476 1600 1603 ati
1682 1551 1914 1633 quam
1994 1530 2360 1636 plurimos

154 1556 552 1739 grincipes
627 1646 705 1710 et
753 1634 1024 1707 =Duces
1090 1631 1600 1711 direxeramus
1638 1688 1667 1730 ,
1770 1637 1904 1737 qui
1981 1664 2120 1745 per
2201 1642 2357 1719 vias

157 1741 483 1817 nimium
539 1736 911 1835 toediosas
953 1754 1029 1814 et
1088 1739 1547 1851 periculosas
1600 1738 1954 1821 incedens
1983 1800 2008 1843 ,
2104 1747 2361 1826 omni-

155 1847 311 1925 bus
389 1847 540 1925 suis
592 1843 1079 1939 familiaribus
1147 1871 1402 1924 secum
1462 1847 1951 1925 'existentibus
2032 1850 2359 1931 orrende

158 1952 587 2061 captiuitati
630 1952 959 2046 traditis,
1005 1950 1221 2029 bonis
1250 1955 1474 2034 etiam
1506 1953 1832 2050 amissis,
1866 1946 2066 2060 [ipso
2105 1976 2358 2047 autem

159 2089 310 2169 per
357 2063 577 2136 maris
610 2058 1035 2137 discrimina
1072 2058 1474 2159 euadente,
1528 2077 1608 2138 et
1643 2061 1891 2165 plures
1926 2062 2085 2141 dies
2115 2083 2196 2143 et
2230 2092 2361 2142 no·

159 2187 327 2247 ctes
374 2168 805 2269 nauigante,
887 2161 1185 2242 tandem
1232 2175 1559 2273 superne
1617 2168 1908 2245 virtutis
1972 2190 2357 2274 protectus

161 2274 450 2385 gracia,
486 2272 581 2348 ab
622 2266 1106 2350 inimicorum*
1135 2274 1474 2350 manibus
1511 2274 1752 2350 extitit
1794 2273 2167 2354 liberatus.
2223 2278 2357 2356 Sa·

162 2409 270 2459 ne
303 2378 1306 2480 huiusmodiambassiatam,
1360 2405 1496 2458 seu
1541 2381 1997 2484 legacionem
2040 2386 2352 2491 premis-

159 2492 266 2566 sis
323 2487 669 2563 omnibus
717 2487 865 2564 suis
930 2482 1425 2564 incommodis
1494 2489 1573 2565 et
1625 2484 1982 2592 periculis
2044 2491 2352 2593 minime

160 2594 729 2673 aduertentibus
754 2650 778 2689 ,
833 2591 1136 2699 egregie
1192 2592 1625 2698 perferens,
1701 2592 1795 2669 ad
1842 2612 2179 2675 nostrum
2216 2627 2356 2676 nu-

161 2721 330 2780 tum
366 2717 444 2778 et
478 2701 936 2805 vpluntatem
971 2698 1335 2805 perficere
1369 2714 1447 2778 et
1474 2696 1621 2776 fine
1662 2699 1919 2778 votiuo
1953 2702 2356 2781 conclude-

161 2834 256 2886 re
292 2835 446 2885 non
486 2807 813 2884 obmisit.
868 2807 1247 2913 Denique
1279 2833 1376 2884 ex
1421 2824 1710 2907 matura
1760 2806 2353 2907 deliberacione,

159 2941 352 2994 sano
391 2913 774 2994 intellectu
809 2931 885 2992 et
914 2910 1203 3017 digesto
1248 2916 1562 2992 consilio
1597 2913 2053 3020 prelatorum
2088 2937 2166 2995 et
2208 2915 2354 2994 ba·-

160 3048 445 3100 ronum
481 3039 906 3102 nostrorum
943 3019 1263 3099 eundem
1302 3020 1729 3098 Emericum
1782 3020 1878 3099 de
1920 3024 2167 3100 Peren
2266 3052 2349 3102 re

163 3131 323 3207 suis
383 3124 867 3237 participibus
916 3127 1313 3229 eligentes,
1387 3129 1468 3204 in
1533 3129 1799 3205 nostris
1857 3053 2354 3232 legacionibus

167 3250 252 3313 et
288 3232 901 3343 expedicionibus
938 3231 1185 3311 arduis
1207 3290 1231 3331 ,
1284 3261 1436 3311 non
1476 3232 1716 3311 solum
1759 3253 2096 3312 nostrum
2132 3254 2206 3312 et
2232 3262 2350 3313 re·

169 3344 304 3450 gni
333 3343 615 3436 nostri,
668 3368 933 3425 verum
970 3342 1215 3419 tocius
1258 3336 1811 3418 Christianitatis
1837 3340 2346 3441 commodum,

167 3449 559 3527 Vtilitatem
579 3465 654 3526 et
672 3448 1093 3556 profectum
1112 3447 1604 3553 tangentibus,
1618 3447 1710 3523 ad
1726 3447 2146 3552 Chalapi‘am
2164 3445 2352 3528 Tur·

168 3581 438 3633 corum
466 3558 1003 3662 Imperatorem
1037 3557 1114 3630 in
1152 3554 1508 3630 Turkiam
1536 3560 1700 3630 vice
1746 3579 1955 3630 versa
2011 3555 2349 3663 dirigen-

165 3682 324 3759 tes,
359 3663 557 3741 idem
592 3664 686 3739 ab
723 3661 896 3739 inde
939 3678 1112 3765 post
1146 3661 1380 3741 multa
1409 3659 1796 3766 dispendia
1832 3677 1908 3737 et
1941 3662 2351 3742 incommo—

168 3768 310 3866 da,
377 3797 528 3874 que
583 3767 798 3855 finale
859 3767 1380 3853 exterminium
1413 3793 1545 3844 sue
1580 3770 1726 3844 vite
1769 3769 2212 3873 tangebant,
2271 3788 2349 3849 et

167 3877 711 3983 respiciebant,
778 3901 953 3952 cum
1008 3876 1270 3954 votiuo
1334 3872 1485 3951 fine
1543 3893 1621 3951 et
1662 3891 1912 3982 optata
1969 3878 2347 3957 relacione

31 4052 34 4057 .
155 3984 514 4087 pluribus
549 3981 919 4065 mensibus
952 4000 1030 4061 et
1060 3980 1326 4059 diebus
1362 3981 1676 4058 euolutis
1713 3981 1808 4058 ad
1840 4006 2159 4088 regnum
2209 4013 2346 4064 no-

169 4105 406 4170 strum
443 4118 840 4195 regressus.
894 4089 992 4167 Et
1029 4089 1214 4196 quid
1250 4089 1560 4194 amplius
1589 4102 1732 4165 etc.
1790 4086 2157 4195 (sequitur
2209 4090 2344 4168 do·

149 4201 384 4277 .nacio
422 4196 794 4281 bonorum
811 4255 836 4294 ‚
891 4222 1085 4304 quae
1121 4197 1215 4275 ad
1260 4194 1719 4304 Stephanum
1772 4195 2127 4380 Egcalnogh
2169 4223 2350 4278 con·
