<?xml version="1.0" encoding="UTF-8"?>
<!DOCTYPE html PUBLIC "-//W3C//DTD XHTML 1.0 Transitional//EN"
    "http://www.w3.org/TR/xhtml1/DTD/xhtml1-transitional.dtd">
<html xmlns="http://www.w3.org/1999/xhtml" xml:lang="en" lang="en">
 <head>
  <title>
</title>
<meta http-equiv="Content-Type" content="text/html;charset=utf-8" />
  <meta name='ocr-system' content='tesseract 3.04.00' />
  <meta name='ocr-capabilities' content='ocr_page ocr_carea ocr_par ocr_line ocrx_word'/>
</head>
<body>
  <div class='ocr_page' id='page_1' title='image "./codexdiplomatic00knigoog_0380.png"; bbox 0 0 2875 4842; ppageno 0'>
   <div class='ocr_carea' id='block_1_1' title="bbox 601 412 757 488">
    <p class='ocr_par' dir='ltr' id='par_1_1' title="bbox 601 412 757 488">
     <span class='ocr_line' id='line_1_1' title="bbox 601 412 757 488; baseline -0.051 1"><span class='ocrx_word' id='word_1_1' title='bbox 601 412 757 488; x_wconf 73' lang='lat'><strong>374</strong></span> 
     </span>
    </p>
   </div>
   <div class='ocr_carea' id='block_1_2' title="bbox 477 616 2694 1898">
    <p class='ocr_par' dir='ltr' id='par_1_2' title="bbox 477 616 2694 1898">
     <span class='ocr_line' id='line_1_2' title="bbox 494 616 2691 725; baseline -0.003 -26"><span class='ocrx_word' id='word_1_2' title='bbox 494 622 1041 725; x_wconf 77' lang='lat' dir='ltr'><strong>cemburgensis</strong></span> <span class='ocrx_word' id='word_1_3' title='bbox 1087 619 1364 696; x_wconf 86' lang='lat' dir='ltr'><strong>haeres.</strong></span> <span class='ocrx_word' id='word_1_4' title='bbox 1421 619 1784 694; x_wconf 87' lang='lat' dir='ltr'>Omnibus</span> <span class='ocrx_word' id='word_1_5' title='bbox 1835 616 2104 693; x_wconf 80' lang='lat' dir='ltr'><strong>Christi</strong></span> <span class='ocrx_word' id='word_1_6' title='bbox 2149 616 2483 694; x_wconf 86' lang='lat' dir='ltr'><strong>fidelibus</strong></span> <span class='ocrx_word' id='word_1_7' title='bbox 2522 633 2691 693; x_wconf 83' lang='lat' dir='ltr'><strong>tam</strong></span> 
     </span>
     <span class='ocr_line' id='line_1_3' title="bbox 493 726 2694 832; baseline -0.002 -29"><span class='ocrx_word' id='word_1_8' title='bbox 493 730 990 832; x_wconf 81' lang='lat' dir='ltr'><strong>praesentibus</strong></span> <span class='ocrx_word' id='word_1_9' title='bbox 1031 755 1253 831; x_wconf 88' lang='lat' dir='ltr'><strong>quam</strong></span> <span class='ocrx_word' id='word_1_10' title='bbox 1288 726 1551 802; x_wconf 83' lang='lat' dir='ltr'><strong>futuris</strong></span> <span class='ocrx_word' id='word_1_11' title='bbox 1589 728 2080 831; x_wconf 81' lang='lat' dir='ltr'><strong>praesentium</strong></span> <span class='ocrx_word' id='word_1_12' title='bbox 2113 728 2441 802; x_wconf 82' lang='lat' dir='ltr'><strong>notitiam</strong></span> <span class='ocrx_word' id='word_1_13' title='bbox 2476 726 2694 800; x_wconf 89' lang='lat' dir='ltr'><strong>habi-</strong></span> 
     </span>
     <span class='ocr_line' id='line_1_4' title="bbox 494 833 2689 937; baseline -0.004 -23"><span class='ocrx_word' id='word_1_14' title='bbox 494 841 718 934; x_wconf 71' lang='lat' dir='ltr'><strong>turis,</strong></span> <span class='ocrx_word' id='word_1_15' title='bbox 770 836 1074 911; x_wconf 86' lang='lat' dir='ltr'><strong>salutem</strong></span> <span class='ocrx_word' id='word_1_16' title='bbox 1108 835 1185 907; x_wconf 89' lang='lat' dir='ltr'><strong>in</strong></span> <span class='ocrx_word' id='word_1_17' title='bbox 1234 833 1483 908; x_wconf 88' lang='lat' dir='ltr'><strong>salutis</strong></span> <span class='ocrx_word' id='word_1_18' title='bbox 1527 834 1890 937; x_wconf 83' lang='lat' dir='ltr'><strong>largitore.</strong></span> <span class='ocrx_word' id='word_1_19' title='bbox 1991 833 2110 906; x_wconf 85' lang='lat' dir='ltr'><strong>Ad</strong></span> <span class='ocrx_word' id='word_1_20' title='bbox 2150 833 2294 908; x_wconf 89' lang='lat' dir='ltr'><strong>hoc</strong></span> <span class='ocrx_word' id='word_1_21' title='bbox 2342 833 2689 935; x_wconf 80' lang='lat' dir='ltr'><strong>supremi</strong></span> 
     </span>
     <span class='ocr_line' id='line_1_5' title="bbox 494 931 2690 1047; baseline -0.004 -28"><span class='ocrx_word' id='word_1_22' title='bbox 494 942 1037 1047; x_wconf 83' lang='lat' dir='ltr'><strong>dispensatione</strong></span> <span class='ocrx_word' id='word_1_23' title='bbox 1062 940 1353 1038; x_wconf 85' lang='lat' dir='ltr'><strong>consily</strong></span> <span class='ocrx_word' id='word_1_24' title='bbox 1386 940 1650 1039; x_wconf 85' lang='lat' dir='ltr'><strong>regalis</strong></span> <span class='ocrx_word' id='word_1_25' title='bbox 1682 938 2136 1014; x_wconf 80' lang='lat' dir='ltr'><strong>obtinuimus</strong></span> <span class='ocrx_word' id='word_1_26' title='bbox 2168 931 2690 1016; x_wconf 68' lang='lat' dir='ltr'><strong>Monarchiani</strong></span> 
     </span>
     <span class='ocr_line' id='line_1_6' title="bbox 493 1044 2690 1154; baseline -0.003 -28"><span class='ocrx_word' id='word_1_27' title='bbox 493 1051 865 1154; x_wconf 88' lang='lat' dir='ltr'><strong>dignitatis</strong></span> <span class='ocrx_word' id='word_1_28' title='bbox 885 1100 914 1136; x_wconf 89' lang='lat'><strong>,</strong></span> <span class='ocrx_word' id='word_1_29' title='bbox 970 1064 1048 1122; x_wconf 83' lang='lat' dir='ltr'><strong>vt</strong></span> <span class='ocrx_word' id='word_1_30' title='bbox 1091 1049 1226 1121; x_wconf 89' lang='lat' dir='ltr'><strong>etsi</strong></span> <span class='ocrx_word' id='word_1_31' title='bbox 1263 1045 1356 1121; x_wconf 86' lang='lat' dir='ltr'><strong>ad</strong></span> <span class='ocrx_word' id='word_1_32' title='bbox 1408 1048 1545 1121; x_wconf 84' lang='lat' dir='ltr'><strong>alia</strong></span> <span class='ocrx_word' id='word_1_33' title='bbox 1591 1047 2004 1121; x_wconf 80' lang='lat' dir='ltr'><strong>extrinseca</strong></span> <span class='ocrx_word' id='word_1_34' title='bbox 2040 1044 2286 1120; x_wconf 87' lang='lat' dir='ltr'><strong>debita</strong></span> <span class='ocrx_word' id='word_1_35' title='bbox 2334 1044 2690 1122; x_wconf 87' lang='lat' dir='ltr'><strong>solicitu-</strong></span> 
     </span>
     <span class='ocr_line' id='line_1_7' title="bbox 493 1151 2692 1259; baseline -0.002 -28"><span class='ocrx_word' id='word_1_36' title='bbox 493 1156 595 1235; x_wconf 89' lang='lat' dir='ltr'><strong>do</strong></span> <span class='ocrx_word' id='word_1_37' title='bbox 637 1181 771 1258; x_wconf 83' lang='lat' dir='ltr'><strong>nos</strong></span> <span class='ocrx_word' id='word_1_38' title='bbox 818 1171 1216 1259; x_wconf 85' lang='lat' dir='ltr'><strong>prouocat3</strong></span> <span class='ocrx_word' id='word_1_39' title='bbox 1271 1151 1366 1226; x_wconf 87' lang='lat' dir='ltr'><strong>ad</strong></span> <span class='ocrx_word' id='word_1_40' title='bbox 1413 1178 1502 1227; x_wconf 87' lang='lat' dir='ltr'><strong>ea</strong></span> <span class='ocrx_word' id='word_1_41' title='bbox 1557 1170 1842 1244; x_wconf 88' lang='lat' dir='ltr'><strong>tamen,</strong></span> <span class='ocrx_word' id='word_1_42' title='bbox 1900 1178 2092 1256; x_wconf 89' lang='lat' dir='ltr'><strong>quae</strong></span> <span class='ocrx_word' id='word_1_43' title='bbox 2142 1151 2494 1228; x_wconf 85' lang='lat' dir='ltr'><strong>libertatis</strong></span> <span class='ocrx_word' id='word_1_44' title='bbox 2534 1177 2692 1226; x_wconf 84' lang='lat' dir='ltr'><strong>ec·-</strong></span> 
     </span>
     <span class='ocr_line' id='line_1_8' title="bbox 494 1258 2689 1363; baseline -0.002 -22"><span class='ocrx_word' id='word_1_45' title='bbox 494 1264 943 1341; x_wconf 83' lang='lat' dir='ltr'><strong>clesiasticae</strong></span> <span class='ocrx_word' id='word_1_46' title='bbox 982 1261 1244 1335; x_wconf 82' lang='lat' dir='ltr'><strong>statum</strong></span> <span class='ocrx_word' id='word_1_47' title='bbox 1282 1275 1359 1333; x_wconf 89' lang='lat' dir='ltr'><strong>et</strong></span> <span class='ocrx_word' id='word_1_48' title='bbox 1387 1260 1498 1334; x_wconf 92' lang='lat' dir='ltr'><strong>sui</strong></span> <span class='ocrx_word' id='word_1_49' title='bbox 1524 1258 1899 1336; x_wconf 89' lang='lat' dir='ltr'><strong>commodi</strong></span> <span class='ocrx_word' id='word_1_50' title='bbox 1925 1259 2462 1335; x_wconf 89' lang='lat' dir='ltr'><strong>incrementum</strong></span> <span class='ocrx_word' id='word_1_51' title='bbox 2504 1286 2689 1363; x_wconf 87' lang='lat' dir='ltr'><strong>pro-</strong></span> 
     </span>
     <span class='ocr_line' id='line_1_9' title="bbox 491 1365 2687 1470; baseline -0.002 -25"><span class='ocrx_word' id='word_1_52' title='bbox 491 1381 841 1461; x_wconf 84' lang='lat' dir='ltr'><strong>mouent,</strong></span> <span class='ocrx_word' id='word_1_53' title='bbox 896 1384 1102 1442; x_wconf 88' lang='lat' dir='ltr'><strong>tanto</strong></span> <span class='ocrx_word' id='word_1_54' title='bbox 1136 1365 1515 1468; x_wconf 84' lang='lat' dir='ltr'><strong>specialius</strong></span> <span class='ocrx_word' id='word_1_55' title='bbox 1552 1366 2057 1460; x_wconf 87' lang='lat' dir='ltr'><strong>intendamus;</strong></span> <span class='ocrx_word' id='word_1_56' title='bbox 2107 1384 2387 1467; x_wconf 85' lang='lat' dir='ltr'><strong>quanto</strong></span> <span class='ocrx_word' id='word_1_57' title='bbox 2436 1366 2687 1470; x_wconf 86' lang='lat' dir='ltr'><strong>grati-</strong></span> 
     </span>
     <span class='ocr_line' id='line_1_10' title="bbox 477 1465 2679 1577; baseline -0.002 -25"><span class='ocrx_word' id='word_1_58' title='bbox 477 1465 585 1554; x_wconf 82' lang='lat' dir='ltr'><strong>us</strong></span> <span class='ocrx_word' id='word_1_59' title='bbox 637 1474 814 1552; x_wconf 86' lang='lat' dir='ltr'><strong>inde</strong></span> <span class='ocrx_word' id='word_1_60' title='bbox 869 1472 1162 1548; x_wconf 88' lang='lat' dir='ltr'><strong>Christo</strong></span> <span class='ocrx_word' id='word_1_61' title='bbox 1184 1518 1224 1568; x_wconf 49' lang='grc' dir='ltr'><strong>φ.</strong></span> <span class='ocrx_word' id='word_1_62' title='bbox 1261 1498 1535 1576; x_wconf 88' lang='lat' dir='ltr'><strong>sponso</strong></span> <span class='ocrx_word' id='word_1_63' title='bbox 1585 1474 1780 1567; x_wconf 91' lang='lat' dir='ltr'><strong>eius,</strong></span> <span class='ocrx_word' id='word_1_64' title='bbox 1834 1475 2259 1577; x_wconf 82' lang='lat' dir='ltr'><strong>impartitur</strong></span> <span class='ocrx_word' id='word_1_65' title='bbox 2310 1471 2679 1577; x_wconf 86' lang='lat' dir='ltr'><strong>obsequi-</strong></span> 
     </span>
     <span class='ocr_line' id='line_1_11' title="bbox 493 1580 2679 1684; baseline -0.002 -25"><span class='ocrx_word' id='word_1_66' title='bbox 493 1610 662 1678; x_wconf 81' lang='lat' dir='ltr'><strong>um3</strong></span> <span class='ocrx_word' id='word_1_67' title='bbox 716 1611 759 1657; x_wconf 89' lang='lat' dir='ltr'><strong>a</strong></span> <span class='ocrx_word' id='word_1_68' title='bbox 799 1605 954 1684; x_wconf 90' lang='lat' dir='ltr'><strong>quo</strong></span> <span class='ocrx_word' id='word_1_69' title='bbox 998 1580 1179 1655; x_wconf 79' lang='lat' dir='ltr'><strong>fides</strong></span> <span class='ocrx_word' id='word_1_70' title='bbox 1220 1580 1496 1682; x_wconf 85' lang='lat' dir='ltr'><strong>recipit</strong></span> <span class='ocrx_word' id='word_1_71' title='bbox 1533 1580 1922 1656; x_wconf 83' lang='lat' dir='ltr'><strong>exordium</strong></span> <span class='ocrx_word' id='word_1_72' title='bbox 1949 1636 1971 1674; x_wconf 88' lang='lat'>‚</span> <span class='ocrx_word' id='word_1_73' title='bbox 2017 1596 2092 1653; x_wconf 86' lang='lat' dir='ltr'><strong>et</strong></span> <span class='ocrx_word' id='word_1_74' title='bbox 2127 1607 2267 1683; x_wconf 89' lang='lat' dir='ltr'><strong>per</strong></span> <span class='ocrx_word' id='word_1_75' title='bbox 2294 1607 2519 1683; x_wconf 87' lang='lat' dir='ltr'><strong>quem</strong></span> <span class='ocrx_word' id='word_1_76' title='bbox 2550 1606 2679 1655; x_wconf 85' lang='lat' dir='ltr'><strong>re-</strong></span> 
     </span>
     <span class='ocr_line' id='line_1_12' title="bbox 495 1687 2678 1794; baseline -0.001 -29"><span class='ocrx_word' id='word_1_77' title='bbox 495 1689 677 1794; x_wconf 85' lang='lat' dir='ltr'><strong>galis</strong></span> <span class='ocrx_word' id='word_1_78' title='bbox 717 1687 997 1789; x_wconf 87' lang='lat' dir='ltr'><strong>gratiae</strong></span> <span class='ocrx_word' id='word_1_79' title='bbox 1035 1688 1631 1786; x_wconf 77' lang='lat' dir='ltr'><strong>recognoscimus</strong></span> <span class='ocrx_word' id='word_1_80' title='bbox 1661 1689 2107 1763; x_wconf 80' lang='lat' dir='ltr'><strong>vnctionem.</strong></span> <span class='ocrx_word' id='word_1_81' title='bbox 2164 1687 2359 1761; x_wconf 89' lang='lat' dir='ltr'><strong>Hinc</strong></span> <span class='ocrx_word' id='word_1_82' title='bbox 2394 1705 2506 1762; x_wconf 90' lang='lat' dir='ltr'><strong>est</strong></span> <span class='ocrx_word' id='word_1_83' title='bbox 2537 1688 2678 1787; x_wconf 88' lang='lat' dir='ltr'><strong>igi-</strong></span> 
     </span>
     <span class='ocr_line' id='line_1_13' title="bbox 490 1791 2674 1898; baseline -0.003 -24"><span class='ocrx_word' id='word_1_84' title='bbox 490 1816 656 1888; x_wconf 83' lang='lat' dir='ltr'><strong>tur,</strong></span> <span class='ocrx_word' id='word_1_85' title='bbox 713 1791 922 1898; x_wconf 91' lang='lat' dir='ltr'><strong>quod</strong></span> <span class='ocrx_word' id='word_1_86' title='bbox 974 1816 1112 1894; x_wconf 88' lang='lat' dir='ltr'><strong>per</strong></span> <span class='ocrx_word' id='word_1_87' title='bbox 1141 1816 1489 1896; x_wconf 76' lang='lat' dir='ltr'><strong>praesens</strong></span> <span class='ocrx_word' id='word_1_88' title='bbox 1529 1794 1889 1897; x_wconf 88' lang='lat' dir='ltr'><strong>scriptum</strong></span> <span class='ocrx_word' id='word_1_89' title='bbox 1926 1811 2186 1872; x_wconf 87' lang='lat' dir='ltr'><strong>notum</strong></span> <span class='ocrx_word' id='word_1_90' title='bbox 2231 1791 2398 1868; x_wconf 89' lang='lat' dir='ltr'><strong>fieri</strong></span> <span class='ocrx_word' id='word_1_91' title='bbox 2441 1794 2674 1892; x_wconf 28' lang='lat' dir='ltr'><strong>volu-</strong></span> 
     </span>
    </p>
   </div>
   <div class='ocr_carea' id='block_1_3' title="bbox 353 1896 2674 2002">
    <p class='ocr_par' dir='ltr' id='par_1_3' title="bbox 353 1896 2674 2002">
     <span class='ocr_line' id='line_1_14' title="bbox 353 1896 2674 2002; baseline -0.001 -23"><span class='ocrx_word' id='word_1_92' title='bbox 353 1933 366 1952; x_wconf 88' lang='lat'><strong>·</strong></span> <span class='ocrx_word' id='word_1_93' title='bbox 489 1928 660 1980; x_wconf 89' lang='lat' dir='ltr'><strong>mus</strong></span> <span class='ocrx_word' id='word_1_94' title='bbox 711 1899 1070 1976; x_wconf 84' lang='lat' dir='ltr'><strong>vniuersis</strong></span> <span class='ocrx_word' id='word_1_95' title='bbox 1135 1896 1644 2001; x_wconf 86' lang='lat' dir='ltr'><strong>praesentibus</strong></span> <span class='ocrx_word' id='word_1_96' title='bbox 1705 1916 1782 1975; x_wconf 89' lang='lat' dir='ltr'><strong>et</strong></span> <span class='ocrx_word' id='word_1_97' title='bbox 1833 1899 2135 1989; x_wconf 87' lang='lat' dir='ltr'><strong>futuris,</strong></span> <span class='ocrx_word' id='word_1_98' title='bbox 2204 1917 2674 2002; x_wconf 80' lang='lat' dir='ltr'><strong>praesentem</strong></span> 
     </span>
    </p>
   </div>
   <div class='ocr_carea' id='block_1_4' title="bbox 489 2004 2677 3387">
    <p class='ocr_par' dir='ltr' id='par_1_4' title="bbox 489 2004 2677 3041">
     <span class='ocr_line' id='line_1_15' title="bbox 493 2004 2674 2116; baseline 0 -33"><span class='ocrx_word' id='word_1_99' title='bbox 493 2010 832 2116; x_wconf 83' lang='lat' dir='ltr'><strong>paginam</strong></span> <span class='ocrx_word' id='word_1_100' title='bbox 867 2006 1345 2109; x_wconf 85' lang='lat' dir='ltr'><strong>inspecturis:</strong></span> <span class='ocrx_word' id='word_1_101' title='bbox 1402 2004 1629 2093; x_wconf 90' lang='lat' dir='ltr'><strong>Quod</strong></span> <span class='ocrx_word' id='word_1_102' title='bbox 1656 2004 1893 2083; x_wconf 85' lang='lat' dir='ltr'><strong>fidelis</strong></span> <span class='ocrx_word' id='word_1_103' title='bbox 1925 2023 2177 2082; x_wconf 89' lang='lat' dir='ltr'><strong>noster</strong></span> <span class='ocrx_word' id='word_1_104' title='bbox 2212 2006 2532 2083; x_wconf 88' lang='lat' dir='ltr'><strong>deuotus</strong></span> <span class='ocrx_word' id='word_1_105' title='bbox 2557 2033 2674 2084; x_wconf 87' lang='lat' dir='ltr'><strong>re-</strong></span> 
     </span>
     <span class='ocr_line' id='line_1_16' title="bbox 499 2109 2670 2218; baseline -0 -28"><span class='ocrx_word' id='word_1_106' title='bbox 499 2113 868 2190; x_wconf 88' lang='lat' dir='ltr'><strong>uerendus</strong></span> <span class='ocrx_word' id='word_1_107' title='bbox 902 2115 975 2186; x_wconf 88' lang='lat' dir='ltr'><strong>in</strong></span> <span class='ocrx_word' id='word_1_108' title='bbox 1028 2109 1321 2188; x_wconf 85' lang='lat' dir='ltr'><strong>Christo</strong></span> <span class='ocrx_word' id='word_1_109' title='bbox 1359 2112 1571 2186; x_wconf 89' lang='lat' dir='ltr'><strong>Pater</strong></span> <span class='ocrx_word' id='word_1_110' title='bbox 1592 2109 1960 2190; x_wconf 83' lang='lat' dir='ltr'><strong>Dominus</strong></span> <span class='ocrx_word' id='word_1_111' title='bbox 1996 2113 2464 2207; x_wconf 86' lang='lat' dir='ltr'><strong>Demetrius,</strong></span> <span class='ocrx_word' id='word_1_112' title='bbox 2504 2115 2670 2218; x_wconf 88' lang='lat' dir='ltr'><strong>Epi·</strong></span> 
     </span>
     <span class='ocr_line' id='line_1_17' title="bbox 493 2216 2673 2324; baseline -0.001 -25"><span class='ocrx_word' id='word_1_113' title='bbox 493 2245 760 2324; x_wconf 86' lang='lat' dir='ltr'><strong>scopus</strong></span> <span class='ocrx_word' id='word_1_114' title='bbox 818 2219 1196 2294; x_wconf 82' lang='lat' dir='ltr'><strong>Ecclesiae</strong></span> <span class='ocrx_word' id='word_1_115' title='bbox 1269 2216 1758 2322; x_wconf 85' lang='lat' dir='ltr'><strong>Vesprimien.</strong></span> <span class='ocrx_word' id='word_1_116' title='bbox 1805 2219 1901 2295; x_wconf 90' lang='lat' dir='ltr'><strong>ad</strong></span> <span class='ocrx_word' id='word_1_117' title='bbox 1964 2235 2268 2312; x_wconf 86' lang='lat' dir='ltr'><strong>nostrae</strong></span> <span class='ocrx_word' id='word_1_118' title='bbox 2325 2220 2673 2297; x_wconf 84' lang='lat' dir='ltr'><strong>claritatis</strong></span> 
     </span>
     <span class='ocr_line' id='line_1_18' title="bbox 491 2323 2677 2432; baseline -0.001 -28"><span class='ocrx_word' id='word_1_119' title='bbox 491 2327 852 2404; x_wconf 83' lang='lat' dir='ltr'><strong>accedens</strong></span> <span class='ocrx_word' id='word_1_120' title='bbox 885 2324 1372 2432; x_wconf 75' lang='lat' dir='ltr'><strong>praesentiam</strong></span> <span class='ocrx_word' id='word_1_121' title='bbox 1389 2377 1417 2413; x_wconf 89' lang='lat'><strong>,</strong></span> <span class='ocrx_word' id='word_1_122' title='bbox 1476 2324 1809 2402; x_wconf 81' lang='lat' dir='ltr'><strong>exhibuit</strong></span> <span class='ocrx_word' id='word_1_123' title='bbox 1836 2323 2053 2403; x_wconf 86' lang='lat' dir='ltr'><strong>nobis</strong></span> <span class='ocrx_word' id='word_1_124' title='bbox 2099 2324 2457 2431; x_wconf 88' lang='lat' dir='ltr'><strong>quasdam</strong></span> <span class='ocrx_word' id='word_1_125' title='bbox 2491 2327 2677 2402; x_wconf 84' lang='lat' dir='ltr'><strong>duas</strong></span> 
     </span>
     <span class='ocr_line' id='line_1_19' title="bbox 489 2431 2673 2536; baseline -0.001 -26"><span class='ocrx_word' id='word_1_126' title='bbox 489 2434 777 2520; x_wconf 81' lang='lat' dir='ltr'><strong>literas,</strong></span> <span class='ocrx_word' id='word_1_127' title='bbox 832 2460 1050 2510; x_wconf 84' lang='lat' dir='ltr'><strong>vnam</strong></span> <span class='ocrx_word' id='word_1_128' title='bbox 1093 2433 1442 2509; x_wconf 79' lang='lat' dir='ltr'><strong>videlicet</strong></span> <span class='ocrx_word' id='word_1_129' title='bbox 1481 2431 2012 2536; x_wconf 76' lang='lat' dir='ltr'><strong>priuilegiale&#39;m</strong></span> <span class='ocrx_word' id='word_1_130' title='bbox 2059 2433 2376 2510; x_wconf 88' lang='lat' dir='ltr'><strong>condam</strong></span> <span class='ocrx_word' id='word_1_131' title='bbox 2413 2435 2673 2511; x_wconf 83' lang='lat' dir='ltr'><strong>Excel-</strong></span> 
     </span>
     <span class='ocr_line' id='line_1_20' title="bbox 495 2538 2674 2646; baseline -0 -30"><span class='ocrx_word' id='word_1_132' title='bbox 495 2543 561 2616; x_wconf 91' lang='lat' dir='ltr'><strong>si</strong></span> <span class='ocrx_word' id='word_1_133' title='bbox 590 2541 951 2646; x_wconf 80' lang='lat' dir='ltr'><strong>Principis</strong></span> <span class='ocrx_word' id='word_1_134' title='bbox 987 2539 1285 2616; x_wconf 90' lang='lat' dir='ltr'><strong>Domini</strong></span> <span class='ocrx_word' id='word_1_135' title='bbox 1315 2538 1662 2615; x_wconf 86' lang='lat' dir='ltr'><strong>Andreae</strong></span> <span class='ocrx_word' id='word_1_136' title='bbox 1692 2543 1888 2646; x_wconf 86' lang='lat' dir='ltr'><strong>regis</strong></span> <span class='ocrx_word' id='word_1_137' title='bbox 1930 2541 2352 2640; x_wconf 88' lang='lat' dir='ltr'><strong>Hungariae</strong></span> <span class='ocrx_word' id='word_1_138' title='bbox 2374 2596 2396 2633; x_wconf 89' lang='lat'><strong>,</strong></span> <span class='ocrx_word' id='word_1_139' title='bbox 2447 2567 2674 2645; x_wconf 85' lang='lat' dir='ltr'><strong>super</strong></span> 
     </span>
     <span class='ocr_line' id='line_1_21' title="bbox 491 2642 2671 2750; baseline -0 -28"><span class='ocrx_word' id='word_1_140' title='bbox 491 2647 840 2724; x_wconf 82' lang='lat' dir='ltr'><strong>facultate</strong></span> <span class='ocrx_word' id='word_1_141' title='bbox 876 2644 1181 2749; x_wconf 83' lang='lat' dir='ltr'><strong>parandi</strong></span> <span class='ocrx_word' id='word_1_142' title='bbox 1233 2642 1572 2722; x_wconf 86' lang='lat' dir='ltr'><strong>foliatum</strong></span> <span class='ocrx_word' id='word_1_143' title='bbox 1607 2673 1749 2749; x_wconf 86' lang='lat' dir='ltr'><strong>pro</strong></span> <span class='ocrx_word' id='word_1_144' title='bbox 1797 2647 2173 2750; x_wconf 85' lang='lat' dir='ltr'><strong>exigendis</strong></span> <span class='ocrx_word' id='word_1_145' title='bbox 2212 2647 2515 2724; x_wconf 84' lang='lat' dir='ltr'><strong>decimis</strong></span> <span class='ocrx_word' id='word_1_146' title='bbox 2545 2649 2671 2721; x_wconf 83' lang='lat' dir='ltr'><strong>vi-</strong></span> 
     </span>
     <span class='ocr_line' id='line_1_22' title="bbox 491 2751 2669 2858; baseline 0 -29"><span class='ocrx_word' id='word_1_147' title='bbox 491 2778 768 2831; x_wconf 88' lang='lat' dir='ltr'><strong>norum</strong></span> <span class='ocrx_word' id='word_1_148' title='bbox 816 2753 897 2826; x_wconf 89' lang='lat' dir='ltr'><strong>in</strong></span> <span class='ocrx_word' id='word_1_149' title='bbox 949 2753 1247 2828; x_wconf 81' lang='lat' dir='ltr'><strong>ciuitate</strong></span> <span class='ocrx_word' id='word_1_150' title='bbox 1295 2751 1621 2829; x_wconf 87' lang='lat' dir='ltr'><strong>Budensi</strong></span> <span class='ocrx_word' id='word_1_151' title='bbox 1673 2756 2048 2858; x_wconf 90' lang='lat' dir='ltr'><strong>Episcopo</strong></span> <span class='ocrx_word' id='word_1_152' title='bbox 2076 2753 2472 2840; x_wconf 66' lang='lat' dir='ltr'><strong>⁴Ecclesiae</strong></span> <span class='ocrx_word' id='word_1_153' title='bbox 2529 2753 2669 2829; x_wconf 86' lang='lat' dir='ltr'><strong>Ve-</strong></span> 
     </span>
     <span class='ocr_line' id='line_1_23' title="bbox 494 2859 2665 3041; baseline 0.002 -109"><span class='ocrx_word' id='word_1_154' title='bbox 494 2859 869 3041; x_wconf 53' lang='lat' dir='ltr'><strong>ffizimien.</strong></span> <span class='ocrx_word' id='word_1_155' title='bbox 905 2880 1050 2963; x_wconf 85' lang='lat' dir='ltr'><strong>pro</strong></span> <span class='ocrx_word' id='word_1_156' title='bbox 1083 2875 1426 2962; x_wconf 85' lang='lat' dir='ltr'><strong>tempore</strong></span> <span class='ocrx_word' id='word_1_157' title='bbox 1456 2860 1856 2937; x_wconf 86' lang='lat' dir='ltr'><strong>constituto</strong></span> <span class='ocrx_word' id='word_1_158' title='bbox 1890 2860 2549 2965; x_wconf 78' lang='lat' dir='ltr'><strong>prouenientibus‚</strong></span> <span class='ocrx_word' id='word_1_159' title='bbox 2592 2876 2665 2936; x_wconf 85' lang='lat' dir='ltr'><strong>et</strong></span> 
     </span>
    </p>

    <p class='ocr_par' dir='ltr' id='par_1_5' title="bbox 492 2963 2663 3387">
     <span class='ocr_line' id='line_1_24' title="bbox 573 2963 2656 3069; baseline 0.001 -27"><span class='ocrx_word' id='word_1_160' title='bbox 573 2966 588 2983; x_wconf 73' lang='lat'><em>⁶</em></span> <span class='ocrx_word' id='word_1_161' title='bbox 636 2991 712 3042; x_wconf 89' lang='lat' dir='ltr'><strong>m</strong></span> <span class='ocrx_word' id='word_1_162' title='bbox 754 2963 1079 3040; x_wconf 84' lang='lat' dir='ltr'><strong>nostram</strong></span> <span class='ocrx_word' id='word_1_163' title='bbox 1113 2983 1484 3069; x_wconf 86' lang='lat' dir='ltr'><strong>patentem</strong></span> <span class='ocrx_word' id='word_1_164' title='bbox 1518 2967 1790 3043; x_wconf 90' lang='lat' dir='ltr'><strong>minori</strong></span> <span class='ocrx_word' id='word_1_165' title='bbox 1826 2969 2210 3044; x_wconf 85' lang='lat' dir='ltr'><strong>secretiori</strong></span> <span class='ocrx_word' id='word_1_166' title='bbox 2238 2966 2477 3059; x_wconf 69' lang='lat' dir='ltr'><strong>sigillo</strong></span> <span class='ocrx_word' id='word_1_167' title='bbox 2514 2993 2656 3044; x_wconf 87' lang='lat' dir='ltr'><strong>no-</strong></span> 
     </span>
     <span class='ocr_line' id='line_1_25' title="bbox 493 3072 2659 3179; baseline -0.001 -29"><span class='ocrx_word' id='word_1_168' title='bbox 493 3090 647 3152; x_wconf 80' lang='lat' dir='ltr'><strong>stro</strong></span> <span class='ocrx_word' id='word_1_169' title='bbox 688 3073 1229 3175; x_wconf 82' lang='lat' dir='ltr'><strong>consignatam,</strong></span> <span class='ocrx_word' id='word_1_170' title='bbox 1285 3089 1624 3162; x_wconf 73' lang='lat' dir='ltr'><strong>tenorem</strong></span> <span class='ocrx_word' id='word_1_171' title='bbox 1669 3072 2047 3149; x_wconf 84' lang='lat' dir='ltr'><strong>cuiusdam</strong></span> <span class='ocrx_word' id='word_1_172' title='bbox 2092 3075 2380 3150; x_wconf 61' lang='lat' dir='ltr'><strong>literae</strong></span> <span class='ocrx_word' id='word_1_173' title='bbox 2412 3091 2659 3179; x_wconf 81' lang='lat' dir='ltr'><strong>paten-</strong></span> 
     </span>
     <span class='ocr_line' id='line_1_26' title="bbox 492 3177 2663 3287; baseline -0.001 -29"><span class='ocrx_word' id='word_1_174' title='bbox 492 3180 588 3258; x_wconf 83' lang='lat' dir='ltr'><strong>tis</strong></span> <span class='ocrx_word' id='word_1_175' title='bbox 632 3179 812 3255; x_wconf 85' lang='lat' dir='ltr'><strong>olim</strong></span> <span class='ocrx_word' id='word_1_176' title='bbox 849 3177 1310 3256; x_wconf 79' lang='lat' dir='ltr'><strong>serenissimi</strong></span> <span class='ocrx_word' id='word_1_177' title='bbox 1346 3180 1712 3284; x_wconf 89' lang='lat' dir='ltr'><strong>Principis</strong></span> <span class='ocrx_word' id='word_1_178' title='bbox 1748 3181 2049 3256; x_wconf 76' lang='lat' dir='ltr'><strong>Domini</strong></span> <span class='ocrx_word' id='word_1_179' title='bbox 2092 3180 2504 3287; x_wconf 84' lang='lat' dir='ltr'><strong>Ludouici,</strong></span> <span class='ocrx_word' id='word_1_180' title='bbox 2554 3182 2663 3256; x_wconf 88' lang='lat' dir='ltr'><strong>In·</strong></span> 
     </span>
     <span class='ocr_line' id='line_1_27' title="bbox 494 3283 2661 3387; baseline 0 -26"><span class='ocrx_word' id='word_1_181' title='bbox 494 3283 672 3387; x_wconf 81' lang='lat' dir='ltr'><strong>clyti</strong></span> <span class='ocrx_word' id='word_1_182' title='bbox 707 3286 897 3386; x_wconf 88' lang='lat' dir='ltr'><strong>regis</strong></span> <span class='ocrx_word' id='word_1_183' title='bbox 931 3285 1392 3387; x_wconf 87' lang='lat' dir='ltr'><strong>Hungariae,</strong></span> <span class='ocrx_word' id='word_1_184' title='bbox 1450 3284 1687 3363; x_wconf 85' lang='lat' dir='ltr'><strong>Patris</strong></span> <span class='ocrx_word' id='word_1_185' title='bbox 1721 3303 1797 3363; x_wconf 85' lang='lat' dir='ltr'><strong>et</strong></span> <span class='ocrx_word' id='word_1_186' title='bbox 1835 3288 2076 3363; x_wconf 87' lang='lat' dir='ltr'><strong>soceri</strong></span> <span class='ocrx_word' id='word_1_187' title='bbox 2106 3288 2335 3364; x_wconf 87' lang='lat' dir='ltr'><strong>nostri</strong></span> <span class='ocrx_word' id='word_1_188' title='bbox 2378 3287 2661 3363; x_wconf 86' lang='lat' dir='ltr'><strong>charis-</strong></span> 
     </span>
    </p>
   </div>
   <div class='ocr_carea' id='block_1_5' title="bbox 379 3390 2662 3497">
    <p class='ocr_par' dir='ltr' id='par_1_6' title="bbox 379 3390 2662 3497">
     <span class='ocr_line' id='line_1_28' title="bbox 379 3390 2662 3497; baseline 0 -29"><span class='ocrx_word' id='word_1_189' title='bbox 379 3451 382 3456; x_wconf 82' lang='grc'>-</span> <span class='ocrx_word' id='word_1_190' title='bbox 490 3393 694 3485; x_wconf 89' lang='lat' dir='ltr'><strong>simi,</strong></span> <span class='ocrx_word' id='word_1_191' title='bbox 752 3390 1152 3492; x_wconf 81' lang='lat' dir='ltr'><strong>laudandae</strong></span> <span class='ocrx_word' id='word_1_192' title='bbox 1196 3393 1826 3489; x_wconf 64' lang='lat' dir='ltr'><strong>reminiscentiae,</strong></span> <span class='ocrx_word' id='word_1_193' title='bbox 1856 3420 2080 3497; x_wconf 89' lang='lat' dir='ltr'><strong>super</strong></span> <span class='ocrx_word' id='word_1_194' title='bbox 2117 3393 2662 3473; x_wconf 82' lang='lat' dir='ltr'><strong>intromissione</strong></span> 
     </span>
    </p>
   </div>
   <div class='ocr_carea' id='block_1_6' title="bbox 477 3498 2669 4247">
    <p class='ocr_par' dir='ltr' id='par_1_7' title="bbox 477 3498 2669 4247">
     <span class='ocr_line' id='line_1_29' title="bbox 477 3498 2664 3605; baseline 0.003 -34"><span class='ocrx_word' id='word_1_195' title='bbox 477 3498 1002 3602; x_wconf 75' lang='lat' dir='ltr'><strong>depositione,</strong></span> <span class='ocrx_word' id='word_1_196' title='bbox 1058 3519 1135 3577; x_wconf 88' lang='lat' dir='ltr'><strong>et</strong></span> <span class='ocrx_word' id='word_1_197' title='bbox 1181 3500 1649 3593; x_wconf 84' lang='lat' dir='ltr'><strong>venditione,</strong></span> <span class='ocrx_word' id='word_1_198' title='bbox 1704 3525 1834 3578; x_wconf 89' lang='lat' dir='ltr'><strong>seu</strong></span> <span class='ocrx_word' id='word_1_199' title='bbox 1928 3502 2395 3605; x_wconf 87' lang='lat' dir='ltr'><strong>ropinatione</strong></span> <span class='ocrx_word' id='word_1_200' title='bbox 2442 3504 2664 3578; x_wconf 81' lang='lat' dir='ltr'><strong>vino·-</strong></span> 
     </span>
     <span class='ocr_line' id='line_1_30' title="bbox 490 3529 2667 3712; baseline 0.002 -32"><span class='ocrx_word' id='word_1_201' title='bbox 490 3632 661 3681; x_wconf 86' lang='lat' dir='ltr'><strong>rum</strong></span> <span class='ocrx_word' id='word_1_202' title='bbox 697 3604 1167 3683; x_wconf 84' lang='lat' dir='ltr'><strong>decimalium</strong></span> <span class='ocrx_word' id='word_1_203' title='bbox 1207 3608 1540 3710; x_wconf 89' lang='lat' dir='ltr'><strong>episcopi</strong></span> <span class='ocrx_word' id='word_1_204' title='bbox 1569 3607 1809 3686; x_wconf 86' lang='lat' dir='ltr'><strong>dictae</strong></span> <span class='ocrx_word' id='word_1_205' title='bbox 1851 3529 2225 3684; x_wconf 49' lang='lat' dir='ltr'><strong>Ecclesiae</strong></span> <span class='ocrx_word' id='word_1_206' title='bbox 2260 3606 2667 3712; x_wconf 86' lang='lat' dir='ltr'><strong>Vesprimi-</strong></span> 
     </span>
     <span class='ocr_line' id='line_1_31' title="bbox 492 3710 2669 3791; baseline 0.003 -6"><span class='ocrx_word' id='word_1_207' title='bbox 492 3736 609 3785; x_wconf 89' lang='lat' dir='ltr'><strong>en.</strong></span> <span class='ocrx_word' id='word_1_208' title='bbox 656 3710 753 3786; x_wconf 83' lang='lat' dir='ltr'><strong>ad</strong></span> <span class='ocrx_word' id='word_1_209' title='bbox 814 3711 1081 3788; x_wconf 74' lang='lat' dir='ltr'><strong>dictam</strong></span> <span class='ocrx_word' id='word_1_210' title='bbox 1137 3713 1510 3790; x_wconf 87' lang='lat' dir='ltr'><strong>ciuitatem</strong></span> <span class='ocrx_word' id='word_1_211' title='bbox 1564 3731 1894 3790; x_wconf 87' lang='lat' dir='ltr'><strong>nostram</strong></span> <span class='ocrx_word' id='word_1_212' title='bbox 1952 3711 2369 3790; x_wconf 88' lang='lat' dir='ltr'><strong>Budensem</strong></span> <span class='ocrx_word' id='word_1_213' title='bbox 2438 3714 2669 3791; x_wconf 87' lang='lat' dir='ltr'><strong>addu-</strong></span> 
     </span>
     <span class='ocr_line' id='line_1_32' title="bbox 495 3814 2662 3928; baseline 0.002 -36"><span class='ocrx_word' id='word_1_214' title='bbox 495 3814 908 3892; x_wconf 88' lang='lat' dir='ltr'><strong>cendorum</strong></span> <span class='ocrx_word' id='word_1_215' title='bbox 941 3818 1177 3896; x_wconf 89' lang='lat' dir='ltr'><strong>libere</strong></span> <span class='ocrx_word' id='word_1_216' title='bbox 1209 3819 1509 3904; x_wconf 87' lang='lat' dir='ltr'><strong>fiendis,</strong></span> <span class='ocrx_word' id='word_1_217' title='bbox 1563 3821 1642 3895; x_wconf 88' lang='lat' dir='ltr'><strong>in</strong></span> <span class='ocrx_word' id='word_1_218' title='bbox 1685 3819 1925 3896; x_wconf 82' lang='lat' dir='ltr'><strong>forma</strong></span> <span class='ocrx_word' id='word_1_219' title='bbox 1966 3825 2485 3928; x_wconf 83' lang='lat' dir='ltr'><strong>praeceptoria</strong></span> <span class='ocrx_word' id='word_1_220' title='bbox 2529 3846 2662 3927; x_wconf 84' lang='lat' dir='ltr'><strong>per</strong></span> 
     </span>
     <span class='ocr_line' id='line_1_33' title="bbox 488 3923 2666 4032; baseline 0.002 -34"><span class='ocrx_word' id='word_1_221' title='bbox 488 3924 732 4027; x_wconf 86' lang='lat' dir='ltr'><strong>ipsum</strong></span> <span class='ocrx_word' id='word_1_222' title='bbox 775 3923 1174 4001; x_wconf 88' lang='lat' dir='ltr'><strong>Dominum</strong></span> <span class='ocrx_word' id='word_1_223' title='bbox 1202 3925 1712 4014; x_wconf 87' lang='lat' dir='ltr'><strong>Ludouicum,</strong></span> <span class='ocrx_word' id='word_1_224' title='bbox 1765 3928 1941 4003; x_wconf 92' lang='lat' dir='ltr'><strong>olim</strong></span> <span class='ocrx_word' id='word_1_225' title='bbox 1978 3955 2234 4032; x_wconf 84' lang='lat' dir='ltr'><strong>regem</strong></span> <span class='ocrx_word' id='word_1_226' title='bbox 2262 3946 2666 4019; x_wconf 86' lang='lat' dir='ltr'><strong>emanatae,</strong></span> 
     </span>
     <span class='ocr_line' id='line_1_34' title="bbox 490 4031 2665 4130; baseline 0.003 -25"><span class='ocrx_word' id='word_1_227' title='bbox 490 4031 569 4105; x_wconf 88' lang='lat' dir='ltr'><strong>in</strong></span> <span class='ocrx_word' id='word_1_228' title='bbox 622 4056 701 4108; x_wconf 81' lang='lat' dir='ltr'><strong>se</strong></span> <span class='ocrx_word' id='word_1_229' title='bbox 754 4033 1235 4110; x_wconf 86' lang='lat' dir='ltr'><strong>transumtiue</strong></span> <span class='ocrx_word' id='word_1_230' title='bbox 1289 4036 1827 4130; x_wconf 84' lang='lat' dir='ltr'><strong>continentem,</strong></span> <span class='ocrx_word' id='word_1_231' title='bbox 1883 4037 2263 4113; x_wconf 83' lang='lat' dir='ltr'><strong>confectas</strong></span> <span class='ocrx_word' id='word_1_232' title='bbox 2316 4051 2665 4114; x_wconf 87' lang='lat' dir='ltr'><strong>tenorum</strong></span> 
     </span>
     <span class='ocr_line' id='line_1_35' title="bbox 488 4135 2662 4247; baseline 0.004 -35"><span class='ocrx_word' id='word_1_233' title='bbox 488 4135 1098 4247; x_wconf 85' lang='lat' dir='ltr'><strong>subsequentium</strong></span> <span class='ocrx_word' id='word_1_234' title='bbox 1111 4168 1136 4236; x_wconf 80' lang='lat'>3</span> <span class='ocrx_word' id='word_1_235' title='bbox 1188 4139 1606 4244; x_wconf 88' lang='lat' dir='ltr'><strong>supplicans</strong></span> <span class='ocrx_word' id='word_1_236' title='bbox 1666 4137 1906 4232; x_wconf 81' lang='lat' dir='ltr'><strong>dictus</strong></span> <span class='ocrx_word' id='word_1_237' title='bbox 1964 4141 2333 4221; x_wconf 86' lang='lat' dir='ltr'><strong>Dominus</strong></span> <span class='ocrx_word' id='word_1_238' title='bbox 2381 4145 2662 4223; x_wconf 81' lang='lat' dir='ltr'><strong>Deme-</strong></span> 
     </span>
    </p>
   </div>
   <div class='ocr_carea' id='block_1_7' title="bbox 2871 672 2875 2202">
    <p class='ocr_par' dir='ltr' id='par_1_8' title="bbox 2871 672 2875 2202">
     <span class='ocr_line' id='line_1_36' title="bbox 2871 672 2875 2202; baseline 0 0"><span class='ocrx_word' id='word_1_239' title='bbox 2871 672 2875 2202; x_wconf 95' lang='lat' dir='ltr'><strong> </strong></span> 
     </span>
    </p>
   </div>
  </div>
 </body>
</html>
