2875 4842
618 451 776 522 124

505 658 814 736 inissetis
835 709 858 753 ‚
929 682 1177 761 neque
1246 657 1532 734 velletis
1599 654 2077 733 medietatem
2147 658 2378 761 ipsius
2413 666 2417 669 ⁴
2451 671 2709 760 poene

505 767 681 870 ipsis
725 764 1326 842 Gibinicensibus
1385 791 1524 868 per
1575 764 1780 868 ipsos
1821 760 2141 839 Olacbos
2179 764 2343 839 dari
2382 778 2462 838 et
2496 762 2706 836 faee-

509 897 595 947 re
649 871 1177 948 administrari:
1254 872 1349 945 de
1405 872 1674 972 quibus
1739 874 2052 945 nimium
2112 869 2570 946 admimmur
2622 886 2709 944 et
2854 929 2856 964 j

508 975 859 1061 admirari
905 1005 1057 1054 non
1097 975 1473 1053 sufficimus
1515 1005 1651 1054 cur
1693 975 1981 1054 litterae
2018 996 2314 1053 nostrae
2359 975 2742 1079 Majesta--
2855 979 2856 984 ’

512 1086 601 1161 tis
671 1086 763 1162 de
823 1084 1097 1189 quibus
1136 1087 1378 1187 ipsum
1433 1082 1802 1160 honorem
1877 1082 2710 1160 Banatus-eonseruatis

510 1192 710 1297 apud
753 1218 885 1268 vos
926 1190 1127 1295 quali
1166 1195 1740 1295 presumptionis
1777 1192 2062 1267 audatia
2095 1193 2307 1294 parvi
2347 1190 2706 1294 pendun-

509 1316 633 1375 tur
668 1318 741 1374 et
774 1317 1260 1405 aspernantur
1297 1299 1508 1375 vobis
1539 1323 1634 1376 ex
1671 1298 1843 1374 inde
1880 1299 2191 1372 nimium
2224 1301 2710 1398 imperamus

512 1406 715 1482 unde
749 1429 924 1483 cum
974 1424 1355 1482 crescente
1402 1398 1860 1482 ‘contumatia
1910 1403 2364 1481 Olachorum
2422 1429 2711 1478 excre-

510 1538 723 1588 scere
768 1511 1041 1586 debeat
1112 1531 1189 1588 et
1244 1538 1490 1616 poena
1559 1514 1896 1589 volumus
1955 1512 2190 1614 igitur
2236 1529 2313 1586 et
2371 1508 2714 1585 fidelitati

514 1638 799 1696 vestrae
851 1619 1045 1693 sicut
1097 1646 1234 1722 per
1289 1615 1466 1694 alias
1516 1622 1790 1696 litteras
1842 1637 2131 1695 nostras
2174 1623 2277 1694 sic
2331 1619 2712 1721 presenti-

513 1726 655 1802 bus
700 1727 917 1802 firmo
973 1724 1252 1801 firmius
1305 1728 1613 1831 reginali
1661 1727 1917 1802 damus
1964 1723 2102 1800 sub
2143 1723 2392 1800 edicto
2447 1738 2714 1826 quate-

516 1857 655 1908 nus
698 1831 873 1908 visis
924 1836 1405 1934 presentibus·
1426 1833 1755 1938 prefatos
1806 1830 2128 1907 Olacbos
2177 1852 2330 1909 tam
2373 1848 2716 1922 nostros,

518 1964 746 2042 quam
800 1935 1063 2041 prefati
1109 1941 1363 2015 Joanis
1402 1939 1535 2016 filii
1581 1946 1760 2034 Ivan
1801 1940 1872 2015 N
1872 1937 2178 2042 yelpet'yi
2227 1955 2714 2015 contumaces

520 2064 599 2123 et
632 2045 959 2121 rebelles
1002 2044 1099 2121 de
1149 2050 1478 2154 ipsorum
1509 2044 1842 2123 districtu
1881 2043 2328 2121 Sibinicensi
2364 2042 2715 2147 expelle·-

517 2178 603 2230 ιν
638 2167 714 2228 et
752 2178 1146 2229 removere
1186 2152 1807 2258 medietatemque
1849 2152 2346 2236 ducentorum
2390 2147 2720 2226 floreno-

517 2279 687 2337 rum
734 2257 938 2362 juxta
1013 2261 1504 2335 continentiae
1579 2263 1885 2336 aliarum
1942 2261 2350 2336 litterarum
2406 2273 2718 2333 nostra-

518 2394 693 2444 rum
741 2365 965 2443 vobis
1011 2366 1484 2470 loquentium
1546 2367 1814 2473 public.
1856 2370 2197 2467 exigere,
2255 2367 2470 2440 aliam
2527 2377 2717 2437 vero

482 2474 986 2550 ·medietatem
1022 2474 1434 2551 eorundem
1466 2476 1815 2580 predictis
1871 2469 2205 2549 fidelibus
2240 2472 2524 2548 civfbus
2563 2497 2718 2544 no-

520 2584 689 2654 stris
734 2580 1317 2658 Sibinicensibus
1365 2609 1500 2685 per
1561 2582 1798 2657 dictos
1851 2579 2175 2656 Olacbos
2246 2574 2572 2683 persolvi
2640 2591 2722 2652 et

521 2684 1015 2762 administrari
1056 2688 1296 2762 facere
1336 2691 1669 2765 debeatis
1717 2687 1932 2790 plene
1964 2739 1984 2780 ,
2041 2702 2118 2762 et
2159 2688 2449 2788 integre
2491 2680 2719 2758 dissi-

521 2792 960 2879 minatione,
1017 2810 1092 2867 et
1129 2798 1515 2891 occasione
1567 2794 2027 2900 quibuslibet
2075 2796 2335 2896 procul
2373 2790 2595 2866 motis
2642 2807 2721 2864 et

525 2895 725 2974 aliud
756 2898 895 2973 sub
942 2897 1257 2974 obtentu
1297 2922 1547 2978 nostre
1596 2904 1828 3003 gratie
1868 2901 2114 2976 facere
2151 2928 2299 2976 non
2340 2898 2592 2972 ausuri
2636 2898 2718 2970 in

526 3006 895 3112 premissis
912 3031 1007 3082 ne
1034 3005 1258 3082 iidem
1288 3005 1590 3084 ulterius
1617 3009 1829 3087 nobis
1858 3025 2421 3112 conquerantur
2455 3006 2530 3078 in
2577 3003 2719 3077 bac

525 3129 763 3219 paete-
796 3117 1029 3188 *In
1066 3140 1290 3217 super
1342 3117 1759 3192 comitimus
1801 3116 2059 3207 vobis,
2119 3132 2203 3189 ut
2246 3112 2493 3187 nullus
2539 3109 2720 3184 Ola-

527 3220 707 3297 chus
747 3246 885 3324 per
924 3237 1158 3308 totam
1208 3225 1587 3299 vosilinam
1637 3227 1903 3324 possit,
1960 3247 2209 3324 neque
2252 3219 2467 3297 valiat
2518 3236 2723 3293 stare

525 3327 1073 3432 pescui-facere
1118 3351 1279 3403 inec*
1317 3334 1596 3406 morari
1638 3330 1792 3405 ullo
1856 3348 2195 3432 tempore
2237 3326 2463 3402 modo
2499 3349 2725 3427 supe-

527 3435 683 3509 rius
728 3459 1084 3537 expresso
1135 3458 1277 3539 pro
1323 3462 1420 3510 eo
1483 3438 1830 3513 videlicet
1874 3433 2081 3539 quod
2115 3433 2297 3510 dicti
2334 3430 2594 3506 Olacbi
2639 3435 2723 3504 in

525 3539 729 3616 dieta
769 3542 1077 3618 vosilina
1128 3563 1638 3633 cemorantes,
1710 3567 1863 3618 non
1910 3558 2193 3618 tantum
2240 3538 2724 3618 Sibinieensi·

531 3642 842 3722 bin-sed
878 3649 1102 3725 etiam
1137 3653 1492 3726 Gamerae
1546 3650 1830 3726 Salium
1887 3667 2315 3724 nostrorum
2369 3673 2454 3721 ae
2501 3646 2720 3719 navi-—

529 3752 870 3857 gentibus
902 3777 1042 3855 per
1090 3784 1294 3832 mare
1336 3757 1665 3833 inferunt
1707 3757 2127 3861 gravamina
2185 3775 2337 3829 non
2385 3752 2718 3836 modica,

528 3875 757 3962 atque
819 3853 1086 3936 damna
1131 3881 1208 3939 et
1258 3864 1494 3967 spolia
1543 3881 1977 3969 perpetrant
2008 3866 2498 3952 incessanter,
2559 3860 2720 3935 imo

532 3991 759 4071 super
791 3968 1137 4044 omnibus
1190 3973 1563 4074 premissis
1601 3997 1702 4048 ex·
1749 3989 1961 4077 parte
1999 3968 2511 4072 predictorum
2547 3968 2722 4043 Ola-

539 4074 853 4150 cborum
917 4075 1093 4180 ipsis
1152 4077 1746 4154 Sibinicensibus
1805 4095 2212 4178 congruam
2274 4070 2729 4176 impendatis

536 4176 1109 4262 utisfactionem
1147 4171 1477 4266 dictante
1523 4184 1726 4264 Juris
1777 4185 2149 4288 aequitate
2207 4197 2289 4257 et
2337 4181 2480 4270 hoe
2520 4173 2728 4256 ordi·—
