<?xml version="1.0" encoding="UTF-8"?>
<!DOCTYPE html PUBLIC "-//W3C//DTD XHTML 1.0 Transitional//EN"
    "http://www.w3.org/TR/xhtml1/DTD/xhtml1-transitional.dtd">
<html xmlns="http://www.w3.org/1999/xhtml" xml:lang="en" lang="en">
 <head>
  <title>
</title>
<meta http-equiv="Content-Type" content="text/html;charset=utf-8" />
  <meta name='ocr-system' content='tesseract 3.04.00' />
  <meta name='ocr-capabilities' content='ocr_page ocr_carea ocr_par ocr_line ocrx_word'/>
</head>
<body>
  <div class='ocr_page' id='page_1' title='image "./codexdiplomatic00knigoog_0592.png"; bbox 0 0 2875 4842; ppageno 0'>
   <div class='ocr_carea' id='block_1_1' title="bbox 626 471 778 544">
    <p class='ocr_par' dir='ltr' id='par_1_1' title="bbox 626 471 778 544">
     <span class='ocr_line' id='line_1_1' title="bbox 626 471 778 544; baseline -0.026 0"><span class='ocrx_word' id='word_1_1' title='bbox 626 471 778 544; x_wconf 77' lang='lat'><strong>582</strong></span> 
     </span>
    </p>
   </div>
   <div class='ocr_carea' id='block_1_2' title="bbox 515 647 2736 788">
    <p class='ocr_par' dir='ltr' id='par_1_2' title="bbox 515 647 2736 788">
     <span class='ocr_line' id='line_1_2' title="bbox 515 647 2736 788; baseline -0.003 -28"><span class='ocrx_word' id='word_1_2' title='bbox 515 705 683 760; x_wconf 72' lang='lat' dir='ltr'><strong>sens</strong></span> <span class='ocrx_word' id='word_1_3' title='bbox 716 683 1286 774; x_wconf 81' lang='lat' dir='ltr'><strong>Instrumentum</strong></span> <span class='ocrx_word' id='word_1_4' title='bbox 1324 679 1769 786; x_wconf 86' lang='lat' dir='ltr'><strong>inspecturi,</strong></span> <span class='ocrx_word' id='word_1_5' title='bbox 1810 677 2013 788; x_wconf 87' lang='lat' dir='ltr'><strong>quod</strong></span> <span class='ocrx_word' id='word_1_6' title='bbox 2054 647 2403 756; x_wconf 71' lang='lat' dir='ltr'><strong>innostri</strong></span> <span class='ocrx_word' id='word_1_7' title='bbox 2444 677 2736 755; x_wconf 77' lang='lat' dir='ltr'><strong>notarii</strong></span> 
     </span>
    </p>
   </div>
   <div class='ocr_carea' id='block_1_3' title="bbox 519 783 2870 894">
    <p class='ocr_par' dir='ltr' id='par_1_3' title="bbox 519 783 2870 894">
     <span class='ocr_line' id='line_1_3' title="bbox 519 783 2870 894; baseline -0.001 -30"><span class='ocrx_word' id='word_1_8' title='bbox 519 787 805 894; x_wconf 82' lang='lat' dir='ltr'>publici</span> <span class='ocrx_word' id='word_1_9' title='bbox 870 785 967 863; x_wconf 90' lang='lat' dir='ltr'><strong>et&#39;</strong></span> <span class='ocrx_word' id='word_1_10' title='bbox 1002 789 1294 861; x_wconf 88' lang='lat' dir='ltr'><strong>testium</strong></span> <span class='ocrx_word' id='word_1_11' title='bbox 1351 785 1992 889; x_wconf 67' lang='lat' dir='ltr'><strong>insi-ascripturum</strong></span> <span class='ocrx_word' id='word_1_12' title='bbox 2049 787 2474 889; x_wconf 83' lang='lat' dir='ltr'><strong>presencia,</strong></span> <span class='ocrx_word' id='word_1_13' title='bbox 2647 817 2735 862; x_wconf 85' lang='lat' dir='ltr'><strong>r-</strong></span> <span class='ocrx_word' id='word_1_14' title='bbox 2859 783 2870 800; x_wconf 88' lang='grc'><em>“</em></span> 
     </span>
    </p>
   </div>
   <div class='ocr_carea' id='block_1_4' title="bbox 520 889 2766 4312">
    <p class='ocr_par' dir='ltr' id='par_1_4' title="bbox 520 889 2548 988">
     <span class='ocr_line' id='line_1_4' title="bbox 520 889 2548 988; baseline -0.003 -13"><span class='ocrx_word' id='word_1_15' title='bbox 520 896 887 988; x_wconf 61' lang='lat' dir='ltr'><strong>sonaliter⁸</strong></span> <span class='ocrx_word' id='word_1_16' title='bbox 910 895 1355 971; x_wconf 85' lang='lat' dir='ltr'><strong>constitutus</strong></span> <span class='ocrx_word' id='word_1_17' title='bbox 1388 889 1826 968; x_wconf 82' lang='lat' dir='ltr'><strong>venerabilis</strong></span> <span class='ocrx_word' id='word_1_18' title='bbox 1865 896 2025 983; x_wconf 82' lang='lat' dir='ltr'><strong>vir,</strong></span> <span class='ocrx_word' id='word_1_19' title='bbox 2063 890 2406 970; x_wconf 90' lang='lat' dir='ltr'><strong>dominus</strong></span> <span class='ocrx_word' id='word_1_20' title='bbox 2448 893 2548 968; x_wconf 84' lang='lat' dir='ltr'><strong>Jo</strong></span> 
     </span>
    </p>

    <p class='ocr_par' dir='ltr' id='par_1_5' title="bbox 522 995 2736 2173">
     <span class='ocr_line' id='line_1_5' title="bbox 522 995 2736 1105; baseline 0 -28"><span class='ocrx_word' id='word_1_21' title='bbox 522 1029 656 1082; x_wconf 87' lang='lat' dir='ltr'><strong>nes</strong></span> <span class='ocrx_word' id='word_1_22' title='bbox 726 995 1468 1105; x_wconf 78' lang='lat' dir='ltr'><strong>Quinqueecclesien.</strong></span> <span class='ocrx_word' id='word_1_23' title='bbox 1536 1017 1614 1075; x_wconf 89' lang='lat' dir='ltr'><strong>et</strong></span> <span class='ocrx_word' id='word_1_24' title='bbox 1684 999 2150 1104; x_wconf 81' lang='lat' dir='ltr'><strong>Albaregalis</strong></span> <span class='ocrx_word' id='word_1_25' title='bbox 2212 999 2736 1077; x_wconf 74' lang='lat' dir='ltr'><strong>Ecclesiarum</strong></span> 
     </span>
     <span class='ocr_line' id='line_1_6' title="bbox 525 1101 2728 1211; baseline 0 -27"><span class='ocrx_word' id='word_1_26' title='bbox 525 1109 937 1185; x_wconf 81' lang='lat' dir='ltr'><strong>canonicus</strong></span> <span class='ocrx_word' id='word_1_27' title='bbox 970 1106 1485 1207; x_wconf 81' lang='lat' dir='ltr'><strong>prebendatus,</strong></span> <span class='ocrx_word' id='word_1_28' title='bbox 1525 1134 1611 1181; x_wconf 89' lang='lat' dir='ltr'><strong>ac</strong></span> <span class='ocrx_word' id='word_1_29' title='bbox 1637 1108 1995 1209; x_wconf 90' lang='lat' dir='ltr'><strong>plebanus</strong></span> <span class='ocrx_word' id='word_1_30' title='bbox 2018 1131 2153 1183; x_wconf 84' lang='lat' dir='ltr'><strong>seu</strong></span> <span class='ocrx_word' id='word_1_31' title='bbox 2188 1101 2443 1185; x_wconf 74' lang='lat' dir='ltr'><strong>recto&#39;r</strong></span> <span class='ocrx_word' id='word_1_32' title='bbox 2481 1136 2728 1211; x_wconf 85' lang='lat' dir='ltr'><strong>paro-</strong></span> 
     </span>
     <span class='ocr_line' id='line_1_7' title="bbox 524 1209 2735 1318; baseline -0.001 -25"><span class='ocrx_word' id='word_1_33' title='bbox 524 1214 775 1293; x_wconf 85' lang='lat' dir='ltr'><strong>chialis</strong></span> <span class='ocrx_word' id='word_1_34' title='bbox 811 1213 1122 1290; x_wconf 83' lang='lat' dir='ltr'><strong>ecclesie</strong></span> <span class='ocrx_word' id='word_1_35' title='bbox 1173 1212 1266 1288; x_wconf 87' lang='lat' dir='ltr'><strong>de</strong></span> <span class='ocrx_word' id='word_1_36' title='bbox 1303 1209 1661 1317; x_wconf 80' lang='lat' dir='ltr'><strong>Korpona</strong></span> <span class='ocrx_word' id='word_1_37' title='bbox 1686 1271 1706 1307; x_wconf 90' lang='lat'><strong>,</strong></span> <span class='ocrx_word' id='word_1_38' title='bbox 1762 1211 2100 1318; x_wconf 85' lang='lat' dir='ltr'><strong>Strigon.</strong></span> <span class='ocrx_word' id='word_1_39' title='bbox 2145 1212 2334 1290; x_wconf 85' lang='lat' dir='ltr'><strong>diec.</strong></span> <span class='ocrx_word' id='word_1_40' title='bbox 2374 1215 2735 1316; x_wconf 69' lang='lat' dir='ltr'><strong>reginali·</strong></span> 
     </span>
     <span class='ocr_line' id='line_1_8' title="bbox 526 1318 2734 1426; baseline -0.004 -24"><span class='ocrx_word' id='word_1_41' title='bbox 526 1323 930 1402; x_wconf 79' lang='lat' dir='ltr'>Maiestatis</span> <span class='ocrx_word' id='word_1_42' title='bbox 971 1319 1348 1426; x_wconf 75' lang='lat' dir='ltr'><strong>Hungarie</strong></span> <span class='ocrx_word' id='word_1_43' title='bbox 1392 1322 1553 1394; x_wconf 56' lang='lat' dir='ltr'><strong>ffice</strong></span> <span class='ocrx_word' id='word_1_44' title='bbox 1613 1318 2110 1397; x_wconf 77' lang='lat' dir='ltr'><strong>cancellarius</strong></span> <span class='ocrx_word' id='word_1_45' title='bbox 2169 1338 2434 1425; x_wconf 87' lang='lat' dir='ltr'><strong>sponte</strong></span> <span class='ocrx_word' id='word_1_46' title='bbox 2488 1340 2572 1397; x_wconf 86' lang='lat' dir='ltr'><strong>et</strong></span> <span class='ocrx_word' id='word_1_47' title='bbox 2632 1347 2734 1395; x_wconf 84' lang='lat' dir='ltr'><strong>ex</strong></span> 
     </span>
     <span class='ocr_line' id='line_1_9' title="bbox 527 1425 2734 1533; baseline -0.003 -24"><span class='ocrx_word' id='word_1_48' title='bbox 527 1449 728 1522; x_wconf 76' lang='lat' dir='ltr'><strong>certa</strong></span> <span class='ocrx_word' id='word_1_49' title='bbox 772 1427 1091 1506; x_wconf 75' lang='lat' dir='ltr'><strong>sciencia</strong></span> <span class='ocrx_word' id='word_1_50' title='bbox 1120 1486 1138 1516; x_wconf 87' lang='lat'><strong>,</strong></span> <span class='ocrx_word' id='word_1_51' title='bbox 1192 1425 1285 1502; x_wconf 89' lang='lat' dir='ltr'><strong>ad</strong></span> <span class='ocrx_word' id='word_1_52' title='bbox 1327 1427 1932 1531; x_wconf 82' lang='lat' dir='ltr'><strong>prosequendum</strong></span> <span class='ocrx_word' id='word_1_53' title='bbox 1978 1446 2055 1504; x_wconf 88' lang='lat' dir='ltr'><strong>et</strong></span> <span class='ocrx_word' id='word_1_54' title='bbox 2113 1427 2734 1533; x_wconf 72' lang='lat' dir='ltr'><strong>pertractandum</strong></span> 
     </span>
     <span class='ocr_line' id='line_1_10' title="bbox 527 1533 2732 1638; baseline -0 -26"><span class='ocrx_word' id='word_1_55' title='bbox 527 1563 816 1632; x_wconf 81' lang='lat' dir='ltr'><strong>causam</strong></span> <span class='ocrx_word' id='word_1_56' title='bbox 859 1562 992 1611; x_wconf 88' lang='lat' dir='ltr'><strong>seu</strong></span> <span class='ocrx_word' id='word_1_57' title='bbox 1035 1560 1283 1610; x_wconf 87' lang='lat' dir='ltr'><strong>causas</strong></span> <span class='ocrx_word' id='word_1_58' title='bbox 1311 1533 1774 1636; x_wconf 80' lang='lat' dir='ltr'><strong>huiusmodi,</strong></span> <span class='ocrx_word' id='word_1_59' title='bbox 1831 1560 1982 1638; x_wconf 81' lang='lat' dir='ltr'><strong>que</strong></span> <span class='ocrx_word' id='word_1_60' title='bbox 2026 1538 2370 1618; x_wconf 82' lang='lat' dir='ltr'><strong>vertitur,</strong></span> <span class='ocrx_word' id='word_1_61' title='bbox 2413 1553 2732 1611; x_wconf 79' lang='lat' dir='ltr'><strong>vertun-</strong></span> 
     </span>
     <span class='ocr_line' id='line_1_11' title="bbox 530 1639 2725 1745; baseline -0.001 -26"><span class='ocrx_word' id='word_1_62' title='bbox 530 1662 695 1736; x_wconf 77' lang='lat' dir='ltr'><strong>tur,</strong></span> <span class='ocrx_word' id='word_1_63' title='bbox 750 1669 878 1724; x_wconf 88' lang='lat' dir='ltr'><strong>seu</strong></span> <span class='ocrx_word' id='word_1_64' title='bbox 917 1643 1103 1718; x_wconf 80' lang='lat' dir='ltr'><strong>verti</strong></span> <span class='ocrx_word' id='word_1_65' title='bbox 1147 1661 1585 1745; x_wconf 85' lang='lat' dir='ltr'><strong>sperantur,</strong></span> <span class='ocrx_word' id='word_1_66' title='bbox 1639 1642 2107 1745; x_wconf 87' lang='lat' dir='ltr'><strong>interipsum</strong></span> <span class='ocrx_word' id='word_1_67' title='bbox 2161 1659 2238 1717; x_wconf 90' lang='lat' dir='ltr'><strong>et</strong></span> <span class='ocrx_word' id='word_1_68' title='bbox 2297 1639 2725 1744; x_wconf 84' lang='lat' dir='ltr'><strong>religiosum</strong></span> 
     </span>
     <span class='ocr_line' id='line_1_12' title="bbox 530 1737 2725 1852; baseline -0.002 -26"><span class='ocrx_word' id='word_1_69' title='bbox 530 1737 777 1826; x_wconf 75' lang='lat' dir='ltr'><strong>virum</strong></span> <span class='ocrx_word' id='word_1_70' title='bbox 845 1749 1238 1824; x_wconf 87' lang='lat' dir='ltr'><strong>Dominum</strong></span> <span class='ocrx_word' id='word_1_71' title='bbox 1304 1746 1608 1824; x_wconf 83' lang='lat' dir='ltr'><strong>Paulum</strong></span> <span class='ocrx_word' id='word_1_72' title='bbox 1674 1747 2132 1852; x_wconf 73' lang='lat' dir='ltr'><strong>Propositum</strong></span> <span class='ocrx_word' id='word_1_73' title='bbox 2188 1746 2286 1823; x_wconf 87' lang='lat' dir='ltr'><strong>de</strong></span> <span class='ocrx_word' id='word_1_74' title='bbox 2348 1747 2725 1843; x_wconf 77' lang='lat' dir='ltr'><strong>Bosowk,</strong></span> 
     </span>
     <span class='ocr_line' id='line_1_13' title="bbox 532 1853 2725 1958; baseline -0.002 -23"><span class='ocrx_word' id='word_1_75' title='bbox 532 1854 808 1935; x_wconf 78' lang='lat' dir='ltr'><strong>ordinis</strong></span> <span class='ocrx_word' id='word_1_76' title='bbox 843 1855 1557 1948; x_wconf 68' lang='lat' dir='ltr'><strong>premonstratensia,</strong></span> <span class='ocrx_word' id='word_1_77' title='bbox 1602 1854 1800 1931; x_wconf 88' lang='lat' dir='ltr'><strong>dicte</strong></span> <span class='ocrx_word' id='word_1_78' title='bbox 1831 1855 2050 1957; x_wconf 81' lang='lat' dir='ltr'><strong>dyoc.</strong></span> <span class='ocrx_word' id='word_1_79' title='bbox 2089 1856 2186 1930; x_wconf 90' lang='lat' dir='ltr'><strong>de</strong></span> <span class='ocrx_word' id='word_1_80' title='bbox 2226 1874 2305 1932; x_wconf 89' lang='lat' dir='ltr'><strong>et</strong></span> <span class='ocrx_word' id='word_1_81' title='bbox 2333 1881 2555 1958; x_wconf 87' lang='lat' dir='ltr'><strong>super</strong></span> <span class='ocrx_word' id='word_1_82' title='bbox 2593 1853 2725 1930; x_wconf 87' lang='lat' dir='ltr'><strong>de-</strong></span> 
     </span>
     <span class='ocr_line' id='line_1_14' title="bbox 534 1960 2722 2067; baseline -0.001 -28"><span class='ocrx_word' id='word_1_83' title='bbox 534 1964 741 2039; x_wconf 89' lang='lat' dir='ltr'><strong>cimis</strong></span> <span class='ocrx_word' id='word_1_84' title='bbox 773 1961 1375 2038; x_wconf 72' lang='lat' dir='ltr'><strong>excrescentibus</strong></span> <span class='ocrx_word' id='word_1_85' title='bbox 1415 1990 1458 2036; x_wconf 81' lang='lat' dir='ltr'><strong>a</strong></span> <span class='ocrx_word' id='word_1_86' title='bbox 1492 1961 1808 2067; x_wconf 86' lang='lat' dir='ltr'><strong>quadam</strong></span> <span class='ocrx_word' id='word_1_87' title='bbox 1846 1961 2206 2066; x_wconf 82' lang='lat' dir='ltr'><strong>particula</strong></span> <span class='ocrx_word' id='word_1_88' title='bbox 2238 1976 2442 2038; x_wconf 83' lang='lat' dir='ltr'><strong>terre</strong></span> <span class='ocrx_word' id='word_1_89' title='bbox 2498 1960 2722 2036; x_wconf 82' lang='lat' dir='ltr'><strong>Preth</strong></span> 
     </span>
     <span class='ocr_line' id='line_1_15' title="bbox 533 2062 2718 2173; baseline -0 -28"><span class='ocrx_word' id='word_1_90' title='bbox 533 2086 797 2145; x_wconf 80' lang='lat' dir='ltr'><strong>vocata</strong></span> <span class='ocrx_word' id='word_1_91' title='bbox 827 2062 1392 2170; x_wconf 78' lang='lat' dir='ltr'><strong>(Procuratores</strong></span> <span class='ocrx_word' id='word_1_92' title='bbox 1428 2069 1811 2144; x_wconf 88' lang='lat' dir='ltr'><strong>constituit</strong></span> <span class='ocrx_word' id='word_1_93' title='bbox 1850 2096 1989 2172; x_wconf 88' lang='lat' dir='ltr'><strong>per</strong></span> <span class='ocrx_word' id='word_1_94' title='bbox 2019 2067 2324 2173; x_wconf 84' lang='lat' dir='ltr'><strong>longum</strong></span> <span class='ocrx_word' id='word_1_95' title='bbox 2366 2087 2447 2146; x_wconf 90' lang='lat' dir='ltr'><strong>et</strong></span> <span class='ocrx_word' id='word_1_96' title='bbox 2485 2065 2718 2144; x_wconf 86' lang='lat' dir='ltr'><strong>latum</strong></span> 
     </span>
    </p>

    <p class='ocr_par' dir='ltr' id='par_1_6' title="bbox 541 2172 2709 2277">
     <span class='ocr_line' id='line_1_16' title="bbox 541 2172 2709 2277; baseline -0.001 -25"><span class='ocrx_word' id='word_1_97' title='bbox 541 2174 1126 2255; x_wconf 80' lang='lat' dir='ltr'><strong>Clementem</strong></span> <span class='ocrx_word' id='word_1_98' title='bbox 1180 2175 1683 2277; x_wconf 89' lang='lat' dir='ltr'><strong>Praepositum</strong></span> <span class='ocrx_word' id='word_1_99' title='bbox 1723 2172 2375 2272; x_wconf 21' lang='lat' dir='ltr'><strong>&#39;Chanadiensem,</strong></span> <span class='ocrx_word' id='word_1_100' title='bbox 2432 2176 2709 2251; x_wconf 85' lang='lat' dir='ltr'><strong>Deme-</strong></span> 
     </span>
    </p>

    <p class='ocr_par' dir='ltr' id='par_1_7' title="bbox 539 2271 2719 2380">
     <span class='ocr_line' id='line_1_17' title="bbox 539 2271 2719 2380; baseline -0.001 -19"><span class='ocrx_word' id='word_1_101' title='bbox 539 2284 760 2372; x_wconf 85' lang='lat' dir='ltr'><strong>trium</strong></span> <span class='ocrx_word' id='word_1_102' title='bbox 799 2281 893 2359; x_wconf 91' lang='lat' dir='ltr'><strong>de</strong></span> <span class='ocrx_word' id='word_1_103' title='bbox 934 2280 1376 2380; x_wconf 70' lang='lat' dir='ltr'><strong>Azzonfalua</strong></span> <span class='ocrx_word' id='word_1_104' title='bbox 1409 2271 1784 2358; x_wconf 84' lang='lat' dir='ltr'><strong>Clericum</strong></span> <span class='ocrx_word' id='word_1_105' title='bbox 1818 2277 2182 2359; x_wconf 84' lang='lat' dir='ltr'><strong>Colocen.</strong></span> <span class='ocrx_word' id='word_1_106' title='bbox 2225 2308 2368 2359; x_wconf 87' lang='lat' dir='ltr'><strong>nec</strong></span> <span class='ocrx_word' id='word_1_107' title='bbox 2404 2307 2562 2358; x_wconf 90' lang='lat' dir='ltr'><strong>non</strong></span> <span class='ocrx_word' id='word_1_108' title='bbox 2605 2308 2719 2359; x_wconf 87' lang='lat' dir='ltr'><strong>re·</strong></span> 
     </span>
    </p>

    <p class='ocr_par' dir='ltr' id='par_1_8' title="bbox 535 2388 2719 2491">
     <span class='ocr_line' id='line_1_18' title="bbox 535 2388 2719 2491; baseline -0 -26"><span class='ocrx_word' id='word_1_109' title='bbox 535 2392 947 2466; x_wconf 84' lang='lat' dir='ltr'><strong>uerendum</strong></span> <span class='ocrx_word' id='word_1_110' title='bbox 983 2390 1278 2466; x_wconf 84' lang='lat' dir='ltr'><strong>Patrem</strong></span> <span class='ocrx_word' id='word_1_111' title='bbox 1308 2388 1760 2490; x_wconf 84' lang='lat' dir='ltr'><strong>Episcopum</strong></span> <span class='ocrx_word' id='word_1_112' title='bbox 1796 2389 2406 2491; x_wconf 80' lang='lat' dir='ltr'><strong>Traguriensem&#39;‚</strong></span> <span class='ocrx_word' id='word_1_113' title='bbox 2459 2415 2551 2465; x_wconf 89' lang='lat' dir='ltr'><strong>ac</strong></span> <span class='ocrx_word' id='word_1_114' title='bbox 2588 2389 2719 2465; x_wconf 87' lang='lat' dir='ltr'><strong>Be-</strong></span> 
     </span>
    </p>

    <p class='ocr_par' dir='ltr' id='par_1_9' title="bbox 539 2493 2713 2604">
     <span class='ocr_line' id='line_1_19' title="bbox 539 2493 2713 2604; baseline -0 -34"><span class='ocrx_word' id='word_1_115' title='bbox 539 2495 944 2574; x_wconf 86' lang='lat' dir='ltr'><strong>nedictum·</strong></span> <span class='ocrx_word' id='word_1_116' title='bbox 969 2497 1476 2598; x_wconf 84' lang='lat' dir='ltr'><strong>Praepositum</strong></span> <span class='ocrx_word' id='word_1_117' title='bbox 1516 2495 2159 2597; x_wconf 70' lang='lat' dir='ltr'><strong>Albai-egelensem</strong></span> <span class='ocrx_word' id='word_1_118' title='bbox 2178 2552 2198 2580; x_wconf 84' lang='lat'>‚</span> <span class='ocrx_word' id='word_1_119' title='bbox 2283 2493 2713 2604; x_wconf 80' lang='lat' dir='ltr'><strong>Wesprimi,</strong></span> 
     </span>
    </p>

    <p class='ocr_par' dir='ltr' id='par_1_10' title="bbox 545 2602 2716 2706">
     <span class='ocr_line' id='line_1_20' title="bbox 545 2602 2716 2706; baseline 0.001 -31"><span class='ocrx_word' id='word_1_120' title='bbox 545 2628 664 2678; x_wconf 88' lang='lat' dir='ltr'><strong>en.</strong></span> <span class='ocrx_word' id='word_1_121' title='bbox 707 2605 917 2677; x_wconf 64' lang='lat' dir='ltr'><strong>Dior„</strong></span> <span class='ocrx_word' id='word_1_122' title='bbox 958 2603 1150 2678; x_wconf 89' lang='lat' dir='ltr'><strong>sedis</strong></span> <span class='ocrx_word' id='word_1_123' title='bbox 1187 2604 1617 2706; x_wconf 84' lang='lat' dir='ltr'><strong>Apostolice</strong></span> <span class='ocrx_word' id='word_1_124' title='bbox 1657 2605 2248 2706; x_wconf 74' lang='lat' dir='ltr'><strong>protonotarium</strong></span> <span class='ocrx_word' id='word_1_125' title='bbox 2278 2659 2299 2695; x_wconf 92' lang='lat'><strong>,</strong></span> <span class='ocrx_word' id='word_1_126' title='bbox 2354 2602 2716 2680; x_wconf 84' lang='lat' dir='ltr'><strong>Joannem</strong></span> 
     </span>
    </p>

    <p class='ocr_par' dir='ltr' id='par_1_11' title="bbox 544 2706 2714 2812">
     <span class='ocr_line' id='line_1_21' title="bbox 544 2706 2714 2812; baseline 0.001 -29"><span class='ocrx_word' id='word_1_127' title='bbox 544 2707 1161 2812; x_wconf 85' lang='lat' dir='ltr'><strong>Quinqueeccles.</strong></span> <span class='ocrx_word' id='word_1_128' title='bbox 1197 2710 1610 2810; x_wconf 81' lang='lat' dir='ltr'><strong>Georgium</strong></span> <span class='ocrx_word' id='word_1_129' title='bbox 1655 2706 1905 2786; x_wconf 83' lang='lat' dir='ltr'><strong>Sancti</strong></span> <span class='ocrx_word' id='word_1_130' title='bbox 1955 2710 2345 2788; x_wconf 82' lang='lat' dir='ltr'><strong>Adalberti</strong></span> <span class='ocrx_word' id='word_1_131' title='bbox 2383 2711 2714 2786; x_wconf 82' lang='lat' dir='ltr'><strong>Jaurien.</strong></span> 
     </span>
    </p>

    <p class='ocr_par' dir='ltr' id='par_1_12' title="bbox 542 2809 2718 2921">
     <span class='ocr_line' id='line_1_22' title="bbox 542 2809 2718 2921; baseline -0 -30"><span class='ocrx_word' id='word_1_132' title='bbox 542 2814 1025 2917; x_wconf 88' lang='lat' dir='ltr'><strong>Lampertum</strong></span> <span class='ocrx_word' id='word_1_133' title='bbox 1070 2819 1340 2893; x_wconf 83' lang='lat' dir='ltr'><strong>veteris</strong></span> <span class='ocrx_word' id='word_1_134' title='bbox 1378 2814 1730 2893; x_wconf 83' lang='lat' dir='ltr'><strong>Budensis</strong></span> <span class='ocrx_word' id='word_1_135' title='bbox 1775 2809 1972 2894; x_wconf 87' lang='lat' dir='ltr'><strong>dicte</strong></span> <span class='ocrx_word' id='word_1_136' title='bbox 2015 2819 2224 2894; x_wconf 89' lang='lat' dir='ltr'><strong>Dioc.</strong></span> <span class='ocrx_word' id='word_1_137' title='bbox 2282 2816 2718 2921; x_wconf 87' lang='lat' dir='ltr'><strong>Wesprimi·</strong></span> 
     </span>
    </p>

    <p class='ocr_par' dir='ltr' id='par_1_13' title="bbox 547 2922 2717 3028">
     <span class='ocr_line' id='line_1_23' title="bbox 547 2922 2717 3028; baseline 0.001 -32"><span class='ocrx_word' id='word_1_138' title='bbox 547 2922 743 3026; x_wconf 81' lang='lat' dir='ltr'><strong>ensis</strong></span> <span class='ocrx_word' id='word_1_139' title='bbox 783 2923 1242 3028; x_wconf 82' lang='lat' dir='ltr'><strong>Prepositos,</strong></span> <span class='ocrx_word' id='word_1_140' title='bbox 1304 2924 1775 3001; x_wconf 86' lang='lat' dir='ltr'><strong>Dominicum</strong></span> <span class='ocrx_word' id='word_1_141' title='bbox 1822 2924 2266 3016; x_wconf 77' lang='lat' dir='ltr'><strong>Ductorem,</strong></span> <span class='ocrx_word' id='word_1_142' title='bbox 2311 2922 2717 3002; x_wconf 84' lang='lat' dir='ltr'><strong>Custodem</strong></span> 
     </span>
    </p>

    <p class='ocr_par' dir='ltr' id='par_1_14' title="bbox 549 3025 2717 3133">
     <span class='ocr_line' id='line_1_24' title="bbox 549 3025 2717 3133; baseline 0.002 -31"><span class='ocrx_word' id='word_1_143' title='bbox 549 3045 627 3103; x_wconf 88' lang='lat' dir='ltr'><strong>et</strong></span> <span class='ocrx_word' id='word_1_144' title='bbox 684 3025 1136 3105; x_wconf 72' lang='lat' dir='ltr'><strong>canonicum</strong></span> <span class='ocrx_word' id='word_1_145' title='bbox 1212 3027 1644 3106; x_wconf 86' lang='lat' dir='ltr'><strong>Waradien.</strong></span> <span class='ocrx_word' id='word_1_146' title='bbox 1722 3027 2090 3107; x_wconf 83' lang='lat' dir='ltr'><strong>Joannem</strong></span> <span class='ocrx_word' id='word_1_147' title='bbox 2153 3031 2326 3107; x_wconf 84' lang='lat' dir='ltr'><strong>Sto</strong></span> <span class='ocrx_word' id='word_1_148' title='bbox 2352 3029 2717 3133; x_wconf 83' lang='lat' dir='ltr'><strong>llberg,</strong></span> 
     </span>
    </p>

    <p class='ocr_par' dir='ltr' id='par_1_15' title="bbox 544 3119 2721 3242">
     <span class='ocr_line' id='line_1_25' title="bbox 544 3119 2721 3242; baseline 0.003 -35"><span class='ocrx_word' id='word_1_149' title='bbox 544 3119 923 3232; x_wconf 76' lang='lat' dir='ltr'><strong>literarum</strong></span> <span class='ocrx_word' id='word_1_150' title='bbox 982 3135 1578 3239; x_wconf 61' lang='lat' dir='ltr'><strong>Apostolicorum</strong></span> <span class='ocrx_word' id='word_1_151' title='bbox 1632 3137 2078 3242; x_wconf 85' lang='lat' dir='ltr'><strong>scriptorem</strong></span> <span class='ocrx_word' id='word_1_152' title='bbox 2112 3156 2190 3214; x_wconf 86' lang='lat' dir='ltr'><strong>et</strong></span> <span class='ocrx_word' id='word_1_153' title='bbox 2227 3135 2587 3213; x_wconf 76' lang='lat' dir='ltr'><strong>Mathiam</strong></span> <span class='ocrx_word' id='word_1_154' title='bbox 2617 3147 2721 3193; x_wconf 88' lang='lat'><strong>·&#39;-·</strong></span> 
     </span>
    </p>

    <p class='ocr_par' dir='ltr' id='par_1_16' title="bbox 553 3237 2721 3348">
     <span class='ocr_line' id='line_1_26' title="bbox 553 3237 2721 3348; baseline 0.003 -33"><span class='ocrx_word' id='word_1_155' title='bbox 553 3240 1066 3318; x_wconf 79' lang='lat' dir='ltr'><strong>olomucensis</strong></span> <span class='ocrx_word' id='word_1_156' title='bbox 1100 3241 1373 3335; x_wconf 63' lang='lat' dir='ltr'><strong>dioces&#39;.</strong></span> <span class='ocrx_word' id='word_1_157' title='bbox 1419 3241 1774 3320; x_wconf 85' lang='lat' dir='ltr'><strong>clericum</strong></span> <span class='ocrx_word' id='word_1_158' title='bbox 1801 3300 1821 3338; x_wconf 92' lang='lat'><strong>,</strong></span> <span class='ocrx_word' id='word_1_159' title='bbox 1877 3245 1973 3320; x_wconf 87' lang='lat' dir='ltr'><strong>iu</strong></span> <span class='ocrx_word' id='word_1_160' title='bbox 2019 3237 2496 3348; x_wconf 79' lang='lat' dir='ltr'><strong>solidum.)</strong></span> <span class='ocrx_word' id='word_1_161' title='bbox 2540 3248 2721 3321; x_wconf 70' lang='lat' dir='ltr'><strong>Acta</strong></span> 
     </span>
    </p>

    <p class='ocr_par' dir='ltr' id='par_1_17' title="bbox 551 3347 2724 3454">
     <span class='ocr_line' id='line_1_27' title="bbox 551 3347 2724 3454; baseline 0 -29"><span class='ocrx_word' id='word_1_162' title='bbox 551 3366 723 3426; x_wconf 75' lang='lat' dir='ltr'><strong>sunt</strong></span> <span class='ocrx_word' id='word_1_163' title='bbox 762 3347 900 3425; x_wconf 86' lang='lat' dir='ltr'><strong>hec</strong></span> <span class='ocrx_word' id='word_1_164' title='bbox 970 3366 1044 3425; x_wconf 89' lang='lat' dir='ltr'><strong>et</strong></span> <span class='ocrx_word' id='word_1_165' title='bbox 1112 3348 1305 3426; x_wconf 82' lang='lat' dir='ltr'><strong>facta</strong></span> <span class='ocrx_word' id='word_1_166' title='bbox 1355 3350 1432 3423; x_wconf 88' lang='lat' dir='ltr'><strong>in</strong></span> <span class='ocrx_word' id='word_1_167' title='bbox 1492 3348 1772 3454; x_wconf 83' lang='lat' dir='ltr'><strong>capella</strong></span> <span class='ocrx_word' id='word_1_168' title='bbox 1815 3350 2011 3426; x_wconf 84' lang='lat' dir='ltr'><strong>beati</strong></span> <span class='ocrx_word' id='word_1_169' title='bbox 2078 3347 2398 3454; x_wconf 78' lang='lat' dir='ltr'><strong>Georgii</strong></span> <span class='ocrx_word' id='word_1_170' title='bbox 2432 3367 2724 3452; x_wconf 79' lang='lat' dir='ltr'><strong>marty·-</strong></span> 
     </span>
    </p>

    <p class='ocr_par' dir='ltr' id='par_1_18' title="bbox 552 3453 2723 3563">
     <span class='ocr_line' id='line_1_28' title="bbox 552 3453 2723 3563; baseline -0 -29"><span class='ocrx_word' id='word_1_171' title='bbox 552 3453 653 3542; x_wconf 79' lang='lat' dir='ltr'><strong>ris</strong></span> <span class='ocrx_word' id='word_1_172' title='bbox 690 3457 761 3530; x_wconf 90' lang='lat' dir='ltr'><strong>in</strong></span> <span class='ocrx_word' id='word_1_173' title='bbox 796 3454 1076 3560; x_wconf 79' lang='lat' dir='ltr'><strong>oppido</strong></span> <span class='ocrx_word' id='word_1_174' title='bbox 1115 3456 1387 3531; x_wconf 86' lang='lat' dir='ltr'><strong>Buden.</strong></span> <span class='ocrx_word' id='word_1_175' title='bbox 1426 3453 1834 3558; x_wconf 77' lang='lat' dir='ltr'><strong>Wes&#39;prim.</strong></span> <span class='ocrx_word' id='word_1_176' title='bbox 1868 3457 2104 3536; x_wconf 85' lang='lat' dir='ltr'><strong>dioec.</strong></span> <span class='ocrx_word' id='word_1_177' title='bbox 2153 3455 2530 3563; x_wconf 87' lang='lat' dir='ltr'><strong>predicte,</strong></span> <span class='ocrx_word' id='word_1_178' title='bbox 2589 3457 2723 3534; x_wconf 84' lang='lat' dir='ltr'><strong>sub</strong></span> 
     </span>
    </p>

    <p class='ocr_par' dir='ltr' id='par_1_19' title="bbox 555 3555 2726 3668">
     <span class='ocr_line' id='line_1_29' title="bbox 555 3555 2726 3668; baseline 0.003 -32"><span class='ocrx_word' id='word_1_179' title='bbox 555 3588 748 3636; x_wconf 85' lang='lat' dir='ltr'><strong>anno</strong></span> <span class='ocrx_word' id='word_1_180' title='bbox 780 3565 1177 3638; x_wconf 85' lang='lat' dir='ltr'><strong>natiuitatis</strong></span> <span class='ocrx_word' id='word_1_181' title='bbox 1216 3562 1498 3638; x_wconf 89' lang='lat' dir='ltr'><strong>domini</strong></span> <span class='ocrx_word' id='word_1_182' title='bbox 1536 3561 1694 3638; x_wconf 88' lang='lat' dir='ltr'><strong>M·o</strong></span> <span class='ocrx_word' id='word_1_183' title='bbox 1729 3555 2461 3668; x_wconf 83' lang='lat' dir='ltr'><strong>quadringentesimo</strong></span> <span class='ocrx_word' id='word_1_184' title='bbox 2509 3583 2726 3642; x_wconf 84' lang='lat' dir='ltr'><strong>sexto</strong></span> 
     </span>
    </p>

    <p class='ocr_par' dir='ltr' id='par_1_20' title="bbox 544 3663 2766 3882">
     <span class='ocr_line' id='line_1_30' title="bbox 555 3663 2766 3770; baseline 0.003 -31"><span class='ocrx_word' id='word_1_185' title='bbox 555 3663 888 3761; x_wconf 79' lang='lat' dir='ltr'><strong>decimu,</strong></span> <span class='ocrx_word' id='word_1_186' title='bbox 942 3670 1344 3745; x_wconf 84' lang='lat' dir='ltr'><strong>indictione</strong></span> <span class='ocrx_word' id='word_1_187' title='bbox 1379 3695 1615 3757; x_wconf 87' lang='lat' dir='ltr'><strong>nona,</strong></span> <span class='ocrx_word' id='word_1_188' title='bbox 1667 3668 2081 3764; x_wconf 83' lang='lat' dir='ltr'><strong>dominica,</strong></span> <span class='ocrx_word' id='word_1_189' title='bbox 2136 3670 2254 3745; x_wconf 87' lang='lat' dir='ltr'><strong>die</strong></span> <span class='ocrx_word' id='word_1_190' title='bbox 2285 3690 2552 3770; x_wconf 83' lang='lat' dir='ltr'><strong>quarta</strong></span> <span class='ocrx_word' id='word_1_191' title='bbox 2599 3665 2766 3746; x_wconf 62' lang='lat' dir='ltr'><strong>de-&#39;</strong></span> 
     </span>
     <span class='ocr_line' id='line_1_31' title="bbox 544 3772 2730 3882; baseline 0.005 -36"><span class='ocrx_word' id='word_1_192' title='bbox 544 3775 745 3846; x_wconf 74' lang='lat' dir='ltr'><strong>eima</strong></span> <span class='ocrx_word' id='word_1_193' title='bbox 776 3778 1042 3849; x_wconf 88' lang='lat' dir='ltr'><strong>mensis</strong></span> <span class='ocrx_word' id='word_1_194' title='bbox 1063 3778 1259 3850; x_wconf 88' lang='lat' dir='ltr'><strong>Junii</strong></span> <span class='ocrx_word' id='word_1_195' title='bbox 1296 3772 1482 3850; x_wconf 87' lang='lat' dir='ltr'><strong>hora</strong></span> <span class='ocrx_word' id='word_1_196' title='bbox 1518 3775 2016 3877; x_wconf 86' lang='lat' dir='ltr'><strong>completorii,</strong></span> <span class='ocrx_word' id='word_1_197' title='bbox 2059 3777 2176 3853; x_wconf 78' lang='lat' dir='ltr'><strong>vel</strong></span> <span class='ocrx_word' id='word_1_198' title='bbox 2213 3780 2444 3881; x_wconf 81' lang='lat' dir='ltr'><strong>quasi.</strong></span> <span class='ocrx_word' id='word_1_199' title='bbox 2485 3782 2552 3852; x_wconf 85' lang='lat' dir='ltr'><strong>A</strong></span> <span class='ocrx_word' id='word_1_200' title='bbox 2581 3807 2730 3882; x_wconf 89' lang='lat' dir='ltr'><strong>po-</strong></span> 
     </span>
    </p>

    <p class='ocr_par' dir='ltr' id='par_1_21' title="bbox 557 3877 2729 3987">
     <span class='ocr_line' id='line_1_32' title="bbox 557 3877 2729 3987; baseline 0.003 -33"><span class='ocrx_word' id='word_1_201' title='bbox 557 3877 913 3964; x_wconf 75' lang='lat' dir='ltr'><strong>stolica</strong></span> <span class='ocrx_word' id='word_1_202' title='bbox 977 3880 1199 3957; x_wconf 88' lang='lat' dir='ltr'><strong>sede</strong></span> <span class='ocrx_word' id='word_1_203' title='bbox 1266 3897 1655 3985; x_wconf 78' lang='lat' dir='ltr'><strong>pastore</strong></span> <span class='ocrx_word' id='word_1_204' title='bbox 1727 3903 2175 3978; x_wconf 84' lang='lat' dir='ltr'><strong>vacante,</strong></span> <span class='ocrx_word' id='word_1_205' title='bbox 2250 3886 2729 3987; x_wconf 78' lang='lat' dir='ltr'><strong>presentibus</strong></span> 
     </span>
    </p>

    <p class='ocr_par' dir='ltr' id='par_1_22' title="bbox 557 3979 2729 4095">
     <span class='ocr_line' id='line_1_33' title="bbox 557 3979 2729 4095; baseline 0.003 -36"><span class='ocrx_word' id='word_1_206' title='bbox 557 3983 837 4060; x_wconf 86' lang='lat' dir='ltr'><strong>ibidem</strong></span> <span class='ocrx_word' id='word_1_207' title='bbox 892 3987 1228 4064; x_wconf 78' lang='lat' dir='ltr'><strong>discretis</strong></span> <span class='ocrx_word' id='word_1_208' title='bbox 1276 3988 1452 4062; x_wconf 83' lang='lat' dir='ltr'><strong>viris</strong></span> <span class='ocrx_word' id='word_1_209' title='bbox 1498 3979 1854 4066; x_wconf 70' lang='lat' dir='ltr'><strong>Michaele</strong></span> <span class='ocrx_word' id='word_1_210' title='bbox 1905 3990 2190 4072; x_wconf 85' lang='lat' dir='ltr'><strong>Thome</strong></span> <span class='ocrx_word' id='word_1_211' title='bbox 2245 3989 2568 4095; x_wconf 81' lang='lat' dir='ltr'><strong>plebano</strong></span> <span class='ocrx_word' id='word_1_212' title='bbox 2634 3989 2729 4065; x_wconf 84' lang='lat' dir='ltr'><strong>de</strong></span> 
     </span>
    </p>

    <p class='ocr_par' dir='ltr' id='par_1_23' title="bbox 561 4089 2728 4203">
     <span class='ocr_line' id='line_1_34' title="bbox 561 4089 2728 4203; baseline 0.003 -37"><span class='ocrx_word' id='word_1_213' title='bbox 561 4089 931 4192; x_wconf 60' lang='lat' dir='ltr'><strong>Czbasar,</strong></span> <span class='ocrx_word' id='word_1_214' title='bbox 969 4093 1371 4196; x_wconf 72' lang='lat' dir='ltr'><strong>Wesprim.</strong></span> <span class='ocrx_word' id='word_1_215' title='bbox 1422 4091 1788 4171; x_wconf 66' lang='lat' dir='ltr'><strong>Michaele</strong></span> <span class='ocrx_word' id='word_1_216' title='bbox 1843 4097 2231 4192; x_wconf 23' lang='lat' dir='ltr'><strong>Atnthonii,</strong></span> <span class='ocrx_word' id='word_1_217' title='bbox 2300 4094 2411 4172; x_wconf 87' lang='lat' dir='ltr'><strong>de</strong></span> <span class='ocrx_word' id='word_1_218' title='bbox 2465 4098 2728 4203; x_wconf 83' lang='lat' dir='ltr'><strong>Papa</strong></span> 
     </span>
    </p>

    <p class='ocr_par' dir='ltr' id='par_1_24' title="bbox 558 4193 2720 4312">
     <span class='ocr_line' id='line_1_35' title="bbox 558 4193 2720 4312; baseline 0.003 -36"><span class='ocrx_word' id='word_1_219' title='bbox 558 4194 977 4302; x_wconf 56' lang='lat' dir='ltr'><strong>Sssrigon.</strong></span> <span class='ocrx_word' id='word_1_220' title='bbox 1021 4219 1109 4278; x_wconf 48' lang='lat' dir='ltr'><strong>et*</strong></span> <span class='ocrx_word' id='word_1_221' title='bbox 1137 4199 1372 4280; x_wconf 83' lang='lat' dir='ltr'><strong>Blasio</strong></span> <span class='ocrx_word' id='word_1_222' title='bbox 1437 4197 1818 4296; x_wconf 78' lang='lat' dir='ltr'><strong>Benedicti</strong></span> <span class='ocrx_word' id='word_1_223' title='bbox 1874 4199 1970 4278; x_wconf 88' lang='lat' dir='ltr'><strong>de</strong></span> <span class='ocrx_word' id='word_1_224' title='bbox 2031 4203 2264 4281; x_wconf 85' lang='lat' dir='ltr'><strong>Newe</strong></span> <span class='ocrx_word' id='word_1_225' title='bbox 2316 4193 2720 4312; x_wconf 79' lang='lat' dir='ltr'><strong>Quinque·</strong></span> 
     </span>
    </p>
   </div>
  </div>
 </body>
</html>
