2875 4842
2062 446 2240 526 '2²1

350 738 363 751 .
1136 662 1378 742 Lxx.

199 808 480 862 hdr-omes
513 802 740 879 regibus
773 803 1113 879 Hungariae
1138 805 1394 869 obnoxii.
1422 805 1494 862 A.
1526 802 1685 863 138⁷.

364 915 602 993 InXti
642 915 942 1013 nomine
977 914 1242 991 Amen.
1277 918 1499 991 Anno
1530 914 1969 994 Incarnatio.
2014 912 2345 994 eiusdem

191 1022 562 1099 Millesimo
604 1023 1152 1097 trecentesimo
1187 1021 1687 1126 octuagesimo
1745 1024 2065 1128 septimo
2133 1019 2345 1098 Indi-

188 1133 417 1207 ctione
454 1129 759 1207 Decima
797 1129 919 1204 die
959 1129 1315 1232 vigesimo
1352 1156 1558 1205 nono
1593 1130 1862 1206 mensis
1916 1127 2169 1217 Martii
2209 1158 2346 1206 re-

182 1250 440 1339 gnante
479 1233 957 1311 serenissima
993 1236 1330 1340 Principe
1371 1253 1446 1311 et
1486 1236 1808 1312 Domina
1853 1255 2103 1317 nostra
2141 1253 2344 1315 natu·

183 1341 314 1419 rali
343 1344 658 1418 Domina
699 1344 935 1416 Maria
979 1341 1117 1419 Dei
1150 1342 1390 1442 gracia
1432 1341 1700 1418 illustri
1753 1346 2008 1445 regina
2035 1338 2344 1448 Hunga'-

181 1452 324 1540 rie,
381 1448 752 1524 Dalmacie
782 1466 857 1525 et
901 1448 1212 1527 Croacie
1250 1463 1391 1522 etc.
1435 1461 1778 1555 tempore
1824 1449 2225 1527 reuerendi
2262 1450 2344 1528 in

178 1558 329 1633 Xto
364 1556 589 1632 Patris
627 1574 704 1632 et
752 1553 1035 1630 domini
1068 1552 1350 1631 domini
1394 1554 1595 1631 Petri
1628 1556 1722 1630 de
1772 1550 2152 1632 Matusaris
2202 1557 2344 1634 Dei

180 1680 253 1738 et
285 1686 484 1738 sacre
505 1661 701 1741 sedis
738 1658 1139 1765 apostolice
1158 1661 1393 1766 gratia
1414 1661 1791 1739 Jadrensis
1817 1642 2095 1763 arcbiE
2129 1664 2341 1753 fisco-

176 1770 293 1874 pi,
346 1762 712 1845 comitatu
744 1768 1082 1844 Jadrensi
1116 1768 1388 1849 comite
1426 1785 1734 1865 vacante
1755 1826 1777 1863 ‚
1810 1770 2052 1846 Lucas
2089 1692 2343 1872 gilipa·

172 1875 318 1950 rius
350 1874 725 1976 quondam
761 1872 1104 1951 Poldiche
1138 1871 1332 1951 hitus
1376 1874 1599 1951 Jadre
1642 1871 1846 1952 dedit
1884 1894 1959 1953 et
2005 1875 2342 1954 vendidit

172 1981 330 2057 iure
373 1983 683 2087 proprio
720 1984 797 2056 in
835 2000 1281 2087 perpetuum
1322 1980 1638 2059 Nicolao
1699 1982 2091 2086 Drapaneo
2142 2008 2339 2059 con·

169 2085 333 2164 dam
380 2086 758 2167 Michaelis
793 2088 885 2163 de
920 2086 1144 2165 Jadra
1203 2113 1341 2195 pro
1380 2113 1462 2164 se
1502 2107 1576 2165 et
1608 2087 1758 2164 suis
1811 2088 2206 2166 heredibus
2263 2104 2339 2168 ct

168 2193 714 2273 successoribus
754 2212 894 2271 etc.
935 2212 1208 2272 terram
1223 2192 1497 2272 vendit.
1531 2209 1780 2271 actum
1811 2194 2040 2271 Jadre
2083 2197 2163 2273 in
2197 2213 2336 2271 sta·

168 2303 375 2377 cione
432 2302 800 2405 Trapanie
858 2298 1036 2377 dicti
1103 2301 1457 2406 emptoris
1521 2302 1992 2404 presentibus
2052 2302 2337 2378 scilicet

166 2408 553 2484 Francisco
586 2406 678 2483 de
705 2406 1058 2484 Skoradis
1101 2425 1176 2483 et
1208 2411 1625 2510 Augustino
1664 2406 1865 2485 et'de
1910 2408 2107 2484 Bitte
2143 2407 2332 2483 ciui·
2459 2496 2472 2507 ,

164 2511 293 2590 bus
329 2514 810 2592 Jadrensibus
853 2515 1165 2591 testibus
1201 2514 1482 2590 vocatis
1522 2513 1911 2618 et‘rogatis'
1939 2531 2016 2590 et
2052 2508 2210 2617 alys
2256 2530 2335 2592 et

165 2643 296 2724 ego
333 2622 614 2697 Blasius
656 2620 750 2697 de
783 2647 1019 2727 soppe
1053 2619 1284 2725 iudex
1313 2620 1773 2727 examinator
1806 2619 1854 2694 J
1856 2617 2031 2696 adre
2067 2647 2221 2726 mp.

236 2743 498 2845 Signum
535 2748 864 2846 notariale:
924 2746 1060 2824 Ego
1103 2743 1496 2822 Ram-maus
1542 2748 1663 2812 etc.
1700 2747 1862 2805 bona
1902 2743 2020 2807 fide
2047 2732 2327 2825 'presens

343 2847 602 2908 scripsi.

172 3115 480 3170 &omnem
507 3118 579 3172 B.
614 3114 855 3171 Adriani
885 3117 972 3170 M.
1005 3114 1071 3167 ds
1107 3113 1257 3166 Zela
1281 3126 1450 3185 super
1475 3114 1638 3177 urvis
1676 3109 1997 3182 Tornqtbld
2028 3126 2135 3169 uc.
2167 3111 2329 3186 Aga-

341 3208 507 3267 ekae,
544 3206 842 3263 dilectione
873 3204 1101 3267 camuli
1142 3207 1287 3259 datie
1309 3236 1329 3264 2
1348 3202 1717 3273 fassionales
1751 3204 1879 3257 edit·
1914 3203 1986 3263 A,
2023 3202 2181 3259 1387.

343 3333 717 3393 onuentus
758 3316 1154 3416 Monatery
1194 3312 1276 3388 B.
1320 3312 1627 3389 Adriani
1665 3312 2017 3416 Martyris
2056 3313 2152 3388 de
2185 3314 2332 3389 Za·

172 3419 232 3495 la
261 3423 606 3499 omnibus
646 3425 787 3499 Xti
823 3421 1161 3497 fidelibus
1202 3422 1671 3525 presentibus
1716 3424 1992 3524 pariter
2023 3438 2100 3496 et
2134 3417 2328 3497 futu·
2427 3414 2433 3425 ⁶

172 3528 261 3602 ris
293 3530 1123 3635 presenciumnoticiam
1147 3528 1499 3603 habituris
1532 3528 1839 3604 salutem
1872 3528 1952 3605 in
1989 3530 2328 3603 omnium

174 3635 517 3715 saluatore
551 3637 642 3711 ad
682 3640 1193 3712 vniuersorum
1224 3636 1577 3710 noticiam
1606 3634 1870 3711 harum
1902 3636 2090 3710 serie
2124 3632 2327 3711 volu·

177 3764 318 3816 mus
346 3745 743 3847 peruenire
782 3740 989 3844 quod
1033 3745 1361 3845 Georgio
1402 3760 1472 3817 et
1506 3739 1836 3843 Symone
1873 3740 2035 3818 filiis
2071 3739 2326 3845 Balaze

178 3843 258 3921 de
287 3847 761 3927 Tormafeuld
799 3876 1049 3924 coram
1089 3850 1307 3925 nobis
1363 3848 1852 3948 personaliter
1905 3847 2325 3926 constitutis

182 3948 427 4033 dixerit
467 3972 543 4033 et
589 3957 925 4034 retulerit
960 3975 1035 4033 et
1067 3957 1476 4030 ministerio
1511 3958 1678 4030 viue
1713 3956 1915 4031 vocis
1953 3958 2100 4031 sint
2129 3980 2325 4030 con-

183 4052 329 4134 sessi
366 4063 568 4166 quod
608 4066 781 4168 quia
823 4064 968 4167 ipsi
1002 4080 1192 4139 nutu
1233 4061 1490 4137 diuino
1524 4064 1628 4138 sic
1652 4062 2087 4165 disponente
2121 4059 2325 4135 here·

186 4160 371 4243 dibus
412 4187 482 4245 et
532 4170 925 4247 masculini
967 4195 1182 4247 sexus
1218 4196 1417 4245 nunc
1457 4185 1532 4244 et
1568 4169 1661 4244 ad
1723 4190 2030 4272 presens
2077 4163 2325 4243 forent
