2875 4842
1418 513 1458 531 ν
1991 445 2222 569 ἰη

132 699 322 792 νειίς,
379 700 887 777 dissolueretis
917 719 996 776 et
1032 701 1582 802 disiungeretis.
1645 702 1843 779 Cum
1882 721 2122 779 tamen
2166 729 2294 779 an·

130 803 311 905 tiqua
350 833 621 882 eorum
670 806 1133 884 consuetudo
1177 826 1250 883 et
1287 810 1585 885 libertas
1643 827 1892 885 teneat
1931 828 2006 885 et
2038 812 2295 913 requi·

129 929 260 1000 rat,
316 914 524 1017 quod
585 915 826 990 nullus
882 916 1512 992 tricesimatorum
1548 941 1677 991 seu
1734 918 2294 993 tributariorum

130 1018 434 1119 ipsorum
463 1040 975 1097 mercatorum
1016 1026 1454 1098 mercantias
1491 1022 1895 1098 dissoluere
1936 1021 2292 1120 auderet,

130 1123 244 1196 nisi
304 1129 508 1229 prius
580 1155 798 1202 vnam
857 1154 1173 1203 marcam
1237 1131 1397 1204 auri
1469 1131 1720 1204 c'urrui
1785 1130 2246 1233 appenderet
2265 1159 2289 1225 3

130 1257 325 1331 quam
370 1234 995 1310 consuetudinem
1042 1236 1344 1311 minime
1390 1238 1783 1328 curaretis,
1843 1233 1921 1309 in
1961 1240 2292 1338 ipsorum

130 1340 640 1436 praeiudicium
679 1344 851 1416 satis
892 1368 1260 1443 magnum.
1342 1345 1432 1418 Et
1472 1331 1649 1446 qnia
1692 1346 1887 1446 ipsos
1927 1359 2284 1419 mercato·

127 1466 233 1515 res
258 1451 323 1518 in
356 1474 624 1522 eorum
658 1449 983 1551 antiquis
1019 1448 1667 1525 consuetudinibus
1709 1465 1787 1523 et
1828 1449 2288 1526 libertatibus

128 1548 436 1629 volumus
472 1553 756 1628 illibate
810 1581 1247 1656 permanere
1269 1586 1291 1652 ;
1324 1556 1691 1629 Fidelitati
1734 1556 1960 1658 igitur
1998 1573 2283 1630 vestrae

125 1650 310 1735 firmo
345 1663 843 1762 praecipimus
873 1664 1083 1764 regio
1126 1662 1263 1737 sub
1300 1662 1545 1738 edicto
1569 1714 1590 1747 ‚
1647 1680 2009 1762 quatenus
2047 1691 2088 1735 a
2132 1686 2287 1736 mo·

127 1756 206 1838 do
247 1768 315 1840 in
358 1768 717 1870 deinceps
752 1770 948 1871 ipsos
1003 1787 1453 1844 mercatores
1505 1784 1796 1843 nostros
1835 1794 2011 1843 cum
2037 1768 2282 1845 rebus

126 1887 362 1949 eorum
396 1874 1079 1949 mercimonialibus
1120 1901 1257 1982 per
1288 1874 1454 1951 loca
1490 1877 1900 1951 tricesimae
1938 1894 2013 1951 et
2050 1876 2283 1949 tribu·
2353 1891 2361 1902 '

129 1991 336 2054 torum
388 2000 811 2057 vestrorum
865 1998 1359 2076 transeuntes,
1416 1981 1690 2073 solutis„
1729 1983 1931 2056 iustis
1978 2000 2054 2057 et
2099 2007 2281 2055 con‘

127 2089 311 2160 suetis
365 2088 763 2164 tricesimis
823 2106 897 2164 et
956 2089 1444 2165 tributisnon
1502 2086 1953 2191 impediatis,
2028 2115 2275 2193 neque
2323 2177 2330 2181 ⁴

40 2283 41 2286 Ἴ
126 2189 192 2262 ad
223 2191 723 2269 inconsuetam
765 2196 1170 2270 tricesimae
1210 2211 1285 2272 et
1319 2196 1573 2270 tributi
1597 2193 2044 2269 solutionem
2081 2217 2308 2269 com-·

40 2385 43 2390 .
127 2299 413 2397 pellatis3
468 2295 629 2375 imo
663 2328 797 2376 nec
835 2309 1096 2378 eorum
1137 2329 1254 2377 res
1286 2301 1879 2378 mercimoniales
1923 2302 2275 2376 dissolua-

40 2505 41 2508 ,
128 2401 230 2496 tis,
278 2424 399 2481 aut
434 2406 813 2510 disligetis.
889 2409 968 2484 Si
1009 2428 1254 2485 autem
1291 2412 1482 2513 ipsas
1520 2434 1638 2482 res
1679 2404 2275 2480 mercimoniales

40 2543 41 2548 ¹
126 2509 305 2616 vultis
341 2513 791 2606 dissoluere,
853 2536 926 2592 et
960 2515 1374 2619 disiungere
1400 2544 1420 2611 3
1468 2533 1646 2588 tunc
1695 2540 1914 2586 vnam
1949 2539 2274 2620 marcam

128 2624 256 2692 auri
306 2624 653 2725 ipsorum
699 2627 948 2700 currui
1012 2626 1218 2725 prius
1275 2619 1753 2724 appendatis,
1827 2621 2031 2695 iuxta
2076 2624 2273 2694 anti·

130 2749 311 2823 quam
362 2729 999 2808 consuetudinem
1034 2749 1108 2804 et
1154 2730 1618 2821 libertatem3
1675 2727 2270 2830 etquidcunque

40 2845 41 2854 ’
128 2828 350 2908 deinde
382 2838 553 2939 ipso
583 2862 810 2914 curru
842 2838 1282 2939 denegatum
1320 2852 1447 2909 aut
1483 2834 1935 2911 occultatum
1972 2840 2269 2911 inuene-

128 2937 292 3030 ritis,
344 2941 483 3045 {iro
524 2942 735 3018 vobis
771 2935 1247 3021 conseruatis.
1320 2942 1413 3018 Et
1451 2940 1649 3015 aliud
1698 2941 2116 3016 nullatenus
2170 2942 2270 3016 fa-

100 3065 266 3119 veet-e
321 3049 688 3138 audeatis»,
765 3071 988 3154 prout
1041 3050 1182 3124 hoc
1236 3049 1433 3124 idem
1499 3050 1678 3120 olim
1744 3049 2268 3123 Serenissimus

128 3148 436 3259 Princeps
482 3157 847 3233 Dominus
884 3156 1311 3234 Ludouicus
1348 3159 1512 3232 Rex
1550 3154 2008 3255 Hungariae,
2063 3179 2269 3257 prae·
2305 3165 2312 3173 '

132 3249 430 3338 decessor
475 3282 737 3339 noster
781 3267 1195 3340 carissimus
1237 3266 1386 3338 suis
1433 3262 1698 3336 litteris
1738 3256 2269 3351 mediantibus,

130 3383 379 3442 secreto
409 3398 547 3447 suo
595 3369 829 3472 sigillo
883 3371 1334 3473 consignatis
1387 3366 1795 3445 deliberato
1843 3365 2158 3441 duxerat
2197 3384 2270 3441 et

133 3474 615 3579 praecipiendo
681 3475 1315 3556 committendum.
1429 3478 1700 3549 Datum
1779 3473 2028 3549 Budae
2053 3526 2075 3567 ,
2149 3471 2269 3570 die

135 3574 495 3659 Dominico
548 3587 889 3685 proximo
928 3602 1098 3690 post
1137 3581 1406 3660 festum
1451 3580 2042 3656 annunciationis
2086 3579 2266 3656 Vir-

138 3684 280 3803 ginis
326 3689 711 3874 ῗοτὶὃοεειθ.
805 3695 1026 3768 Anno
1088 3690 1391 3767 Domini
1458 3685 2058 3763 MCCCLXXX.
2116 3707 2264 3763 ter·

140 3797 285 3864 no.“
404 3852 422 3871 .
546 3856 563 3872 .
2029 3807 2038 3814 ’

199 3913 240 3979 Ε
270 3931 632 4004 pergamena
676 3919 1008 4006 originali,
1052 3929 1128 3986 ab
1182 3929 1364 3985 extus
1408 3922 1637 4000 sigillo
1673 3927 1930 4003 maiori,
1978 3928 2157 3984 cuius
2186 3903 2264 3982 'li-

289 4032 452 4090 terae
496 4043 615 4088 non
670 4031 794 4089 nisi
822 4029 1106 4107 paucae,
1155 4029 1484 4104 crucisque
1535 4029 1836 4107 dupplicis
1876 4033 2119 4107 signum
2149 4041 2263 4090 sir-³

285 4134 522 4206 pei-eet,
567 4139 752 4191 cerae
794 4133 966 4191 albae
1012 4134 1313 4207 impresso
1339 4173 1354 4204 ‚
1402 4134 1796 4196 communitas
1833 4160 1918 4173 -
1961 4130 2162 4188 Marta
2200 4133 2286 4188 tii·

293 4232 509 4296 litteris
551 4239 626 4295 ae
681 4238 911 4314 sigillis
952 4240 1211 4296 vocatur
1263 4234 1499 4311 quidem
1553 4237 1901 4312 Regina,
1949 4253 1984 4293 a
2025 4238 2286 4298 natione*
2373 4241 2378 4247 ’
