<?xml version="1.0" encoding="UTF-8"?>
<!DOCTYPE html PUBLIC "-//W3C//DTD XHTML 1.0 Transitional//EN"
    "http://www.w3.org/TR/xhtml1/DTD/xhtml1-transitional.dtd">
<html xmlns="http://www.w3.org/1999/xhtml" xml:lang="en" lang="en">
 <head>
  <title>
</title>
<meta http-equiv="Content-Type" content="text/html;charset=utf-8" />
  <meta name='ocr-system' content='tesseract 3.04.00' />
  <meta name='ocr-capabilities' content='ocr_page ocr_carea ocr_par ocr_line ocrx_word'/>
</head>
<body>
  <div class='ocr_page' id='page_1' title='image "./codexdiplomatic00knigoog_0637.png"; bbox 0 0 2875 4842; ppageno 0'>
   <div class='ocr_carea' id='block_1_1' title="bbox 2094 352 2243 431">
    <p class='ocr_par' dir='ltr' id='par_1_1' title="bbox 2094 352 2243 431">
     <span class='ocr_line' id='line_1_1' title="bbox 2094 352 2243 431; baseline 0.04 -8"><span class='ocrx_word' id='word_1_1' title='bbox 2094 352 2243 431; x_wconf 78' lang='lat'><strong>625</strong></span> 
     </span>
    </p>
   </div>
   <div class='ocr_carea' id='block_1_2' title="bbox 164 546 2375 962">
    <p class='ocr_par' dir='ltr' id='par_1_2' title="bbox 164 546 2375 962">
     <span class='ocr_line' id='line_1_2' title="bbox 165 546 2375 653; baseline 0.01 -37"><span class='ocrx_word' id='word_1_2' title='bbox 165 547 266 621; x_wconf 80' lang='lat' dir='ltr'><strong>tis</strong></span> <span class='ocrx_word' id='word_1_3' title='bbox 302 567 392 621; x_wconf 82' lang='lat' dir='ltr'><strong>ex</strong></span> <span class='ocrx_word' id='word_1_4' title='bbox 436 546 745 646; x_wconf 81' lang='lat' dir='ltr'><strong>integro.</strong></span> <span class='ocrx_word' id='word_1_5' title='bbox 795 594 800 601; x_wconf 93' lang='lat'>-</span> <span class='ocrx_word' id='word_1_6' title='bbox 836 546 1071 625; x_wconf 85' lang='lat' dir='ltr'><strong>Secus</strong></span> <span class='ocrx_word' id='word_1_7' title='bbox 1107 574 1260 629; x_wconf 79' lang='lat' dir='ltr'><strong>non</strong></span> <span class='ocrx_word' id='word_1_8' title='bbox 1297 548 1589 633; x_wconf 78' lang='lat' dir='ltr'><strong>facturi.</strong></span> <span class='ocrx_word' id='word_1_9' title='bbox 1695 554 1965 633; x_wconf 86' lang='lat' dir='ltr'><strong>Datum</strong></span> <span class='ocrx_word' id='word_1_10' title='bbox 2013 557 2375 653; x_wconf 75' lang='lat' dir='ltr'><strong>Viennae.</strong></span> 
     </span>
     <span class='ocr_line' id='line_1_3' title="bbox 164 649 2355 759; baseline 0.007 -34"><span class='ocrx_word' id='word_1_11' title='bbox 164 654 250 725; x_wconf 86' lang='lat' dir='ltr'><strong>in</strong></span> <span class='ocrx_word' id='word_1_12' title='bbox 299 649 483 727; x_wconf 82' lang='lat' dir='ltr'><strong>festo</strong></span> <span class='ocrx_word' id='word_1_13' title='bbox 527 653 924 732; x_wconf 87' lang='lat' dir='ltr'><strong>Divisionis</strong></span> <span class='ocrx_word' id='word_1_14' title='bbox 959 656 1389 759; x_wconf 80' lang='lat' dir='ltr'><strong>Apostolor.</strong></span> <span class='ocrx_word' id='word_1_15' title='bbox 1428 660 1652 736; x_wconf 90' lang='lat' dir='ltr'><strong>Anno</strong></span> <span class='ocrx_word' id='word_1_16' title='bbox 1689 661 1987 739; x_wconf 87' lang='lat' dir='ltr'>Domini</span> <span class='ocrx_word' id='word_1_17' title='bbox 2009 659 2355 740; x_wconf 83' lang='lat' dir='ltr'>MCCCG.</span> 
     </span>
     <span class='ocr_line' id='line_1_4' title="bbox 168 758 2353 873; baseline 0.007 -43"><span class='ocrx_word' id='word_1_18' title='bbox 168 758 435 833; x_wconf 85' lang='lat' dir='ltr'><strong>XXX.</strong></span> <span class='ocrx_word' id='word_1_19' title='bbox 499 759 927 862; x_wconf 74' lang='lat' dir='ltr'><strong>Regnorum</strong></span> <span class='ocrx_word' id='word_1_20' title='bbox 986 780 1410 838; x_wconf 85' lang='lat' dir='ltr'><strong>nostrorum</strong></span> <span class='ocrx_word' id='word_1_21' title='bbox 1469 767 1689 844; x_wconf 90' lang='lat' dir='ltr'><strong>Anno</strong></span> <span class='ocrx_word' id='word_1_22' title='bbox 1743 769 2161 873; x_wconf 74' lang='lat' dir='ltr'><strong>Hungariae</strong></span> <span class='ocrx_word' id='word_1_23' title='bbox 2208 789 2353 848; x_wconf 88' lang='lat' dir='ltr'><strong>etc.</strong></span> 
     </span>
     <span class='ocr_line' id='line_1_5' title="bbox 166 865 2056 962; baseline 0.006 -25"><span class='ocrx_word' id='word_1_24' title='bbox 166 865 440 939; x_wconf 85' lang='lat' dir='ltr'>XLIV.</span> <span class='ocrx_word' id='word_1_25' title='bbox 487 866 888 962; x_wconf 82' lang='lat' dir='ltr'><strong>Romanor.</strong></span> <span class='ocrx_word' id='word_1_26' title='bbox 931 871 1107 942; x_wconf 87' lang='lat' dir='ltr'><strong>XX.</strong></span> <span class='ocrx_word' id='word_1_27' title='bbox 1157 884 1239 945; x_wconf 80' lang='lat' dir='ltr'><strong>et</strong></span> <span class='ocrx_word' id='word_1_28' title='bbox 1281 870 1681 961; x_wconf 66' lang='lat' dir='ltr'><strong>bohemiae</strong></span> <span class='ocrx_word' id='word_1_29' title='bbox 1722 874 2056 951; x_wconf 85' lang='lat' dir='ltr'><strong>Decimo.</strong></span> 
     </span>
    </p>
   </div>
   <div class='ocr_carea' id='block_1_3' title="bbox 261 987 2358 1151">
    <p class='ocr_par' dir='ltr' id='par_1_3' title="bbox 261 987 2358 1151">
     <span class='ocr_line' id='line_1_6' title="bbox 261 987 2358 1077; baseline 0.009 -32"><span class='ocrx_word' id='word_1_30' title='bbox 261 987 361 1046; x_wconf 83' lang='lat' dir='ltr'><strong>Ex</strong></span> <span class='ocrx_word' id='word_1_31' title='bbox 395 992 772 1067; x_wconf 79' lang='lat' dir='ltr'><strong>autographo</strong></span> <span class='ocrx_word' id='word_1_32' title='bbox 808 994 1163 1052; x_wconf 84' lang='lat' dir='ltr'><strong>transumsit</strong></span> <span class='ocrx_word' id='word_1_33' title='bbox 1194 998 1257 1053; x_wconf 88' lang='lat' dir='ltr'><strong>et</strong></span> <span class='ocrx_word' id='word_1_34' title='bbox 1290 990 1756 1057; x_wconf 72' lang='lat' dir='ltr'><strong>communicavit</strong></span> <span class='ocrx_word' id='word_1_35' title='bbox 1788 997 2099 1077; x_wconf 70' lang='lat' dir='ltr'><strong>Georgius</strong></span> <span class='ocrx_word' id='word_1_36' title='bbox 2124 1000 2358 1076; x_wconf 76' lang='lat' dir='ltr'><strong>Gyari-</strong></span> 
     </span>
     <span class='ocr_line' id='line_1_7' title="bbox 369 1091 597 1151; baseline 0.004 -4"><span class='ocrx_word' id='word_1_37' title='bbox 369 1091 597 1151; x_wconf 81' lang='lat' dir='ltr'><strong>kovits.</strong></span> 
     </span>
    </p>
   </div>
   <div class='ocr_carea' id='block_1_4' title="bbox 163 1246 1687 1457">
    <p class='ocr_par' dir='ltr' id='par_1_4' title="bbox 163 1246 1687 1457">
     <span class='ocr_line' id='line_1_8' title="bbox 1099 1246 1455 1325; baseline 0.006 -4"><span class='ocrx_word' id='word_1_38' title='bbox 1099 1246 1455 1325; x_wconf 83' lang='lat' dir='ltr'>CCXCV.</span> 
     </span>
     <span class='ocr_line' id='line_1_9' title="bbox 163 1368 1687 1457; baseline 0.002 -16"><span class='ocrx_word' id='word_1_39' title='bbox 163 1390 327 1443; x_wconf 74' lang='lat' dir='ltr'><strong>Idem</strong></span> <span class='ocrx_word' id='word_1_40' title='bbox 363 1386 485 1441; x_wconf 74' lang='lat' dir='ltr'><strong>Rex</strong></span> <span class='ocrx_word' id='word_1_41' title='bbox 522 1368 945 1457; x_wconf 72' lang='lat' dir='ltr'><strong>dispositionem</strong></span> <span class='ocrx_word' id='word_1_42' title='bbox 984 1408 1147 1445; x_wconf 70' lang='lat' dir='ltr'><strong>suam</strong></span> <span class='ocrx_word' id='word_1_43' title='bbox 1180 1368 1366 1445; x_wconf 55' lang='lat' dir='ltr'><strong>aberet.</strong></span> <span class='ocrx_word' id='word_1_44' title='bbox 1415 1391 1484 1444; x_wconf 80' lang='lat' dir='ltr'><strong>A.</strong></span> <span class='ocrx_word' id='word_1_45' title='bbox 1530 1389 1687 1449; x_wconf 73' lang='lat'><strong>1430.</strong></span> 
     </span>
    </p>
   </div>
   <div class='ocr_carea' id='block_1_5' title="bbox 167 1508 2364 4169">
    <p class='ocr_par' dir='ltr' id='par_1_5' title="bbox 1062 1508 2167 1615">
     <span class='ocr_line' id='line_1_10' title="bbox 1062 1508 2167 1615; baseline 0.01 -34"><span class='ocrx_word' id='word_1_46' title='bbox 1062 1508 1200 1581; x_wconf 58' lang='lat' dir='ltr'><strong>Cuo</strong></span> <span class='ocrx_word' id='word_1_47' title='bbox 1239 1508 1543 1610; x_wconf 83' lang='lat' dir='ltr'><strong>propria</strong></span> <span class='ocrx_word' id='word_1_48' title='bbox 1582 1509 1883 1586; x_wconf 77' lang='lat' dir='ltr'><strong>Domini</strong></span> <span class='ocrx_word' id='word_1_49' title='bbox 1922 1511 2167 1615; x_wconf 73' lang='lat' dir='ltr'><strong>Regis.</strong></span> 
     </span>
    </p>

    <p class='ocr_par' dir='ltr' id='par_1_6' title="bbox 167 1608 2364 4169">
     <span class='ocr_line' id='line_1_11' title="bbox 374 1608 2361 1723; baseline 0.006 -36"><span class='ocrx_word' id='word_1_50' title='bbox 374 1608 882 1715; x_wconf 83' lang='lat' dir='ltr'><strong>Sigismundus</strong></span> <span class='ocrx_word' id='word_1_51' title='bbox 923 1614 1068 1687; x_wconf 91' lang='lat' dir='ltr'><strong>Dei</strong></span> <span class='ocrx_word' id='word_1_52' title='bbox 1104 1640 1212 1716; x_wconf 82' lang='lat' dir='ltr'><strong>gr.</strong></span> <span class='ocrx_word' id='word_1_53' title='bbox 1251 1616 1653 1690; x_wconf 85' lang='lat' dir='ltr'><strong>Romanor.</strong></span> <span class='ocrx_word' id='word_1_54' title='bbox 1694 1618 1855 1693; x_wconf 78' lang='lat' dir='ltr'><strong>Rex</strong></span> <span class='ocrx_word' id='word_1_55' title='bbox 1894 1642 2189 1723; x_wconf 79' lang='lat' dir='ltr'>semper</span> <span class='ocrx_word' id='word_1_56' title='bbox 2211 1620 2361 1699; x_wconf 87' lang='lat' dir='ltr'><strong>Au·</strong></span> 
     </span>
     <span class='ocr_line' id='line_1_12' title="bbox 168 1718 2360 1827; baseline 0.003 -32"><span class='ocrx_word' id='word_1_57' title='bbox 168 1736 473 1827; x_wconf 81' lang='lat' dir='ltr'><strong>gustus,</strong></span> <span class='ocrx_word' id='word_1_58' title='bbox 527 1746 613 1797; x_wconf 84' lang='lat' dir='ltr'><strong>ac</strong></span> <span class='ocrx_word' id='word_1_59' title='bbox 656 1718 1111 1820; x_wconf 79' lang='lat' dir='ltr'><strong>Hungariae‚</strong></span> <span class='ocrx_word' id='word_1_60' title='bbox 1181 1718 1357 1795; x_wconf 68' lang='grc' dir='ltr'><strong>Βοὴ.</strong></span> <span class='ocrx_word' id='word_1_61' title='bbox 1403 1721 1641 1799; x_wconf 78' lang='lat' dir='ltr'><strong>Dalm.</strong></span> <span class='ocrx_word' id='word_1_62' title='bbox 1691 1722 1934 1799; x_wconf 86' lang='lat' dir='ltr'><strong>Croat.</strong></span> <span class='ocrx_word' id='word_1_63' title='bbox 1976 1741 2115 1802; x_wconf 88' lang='lat' dir='ltr'><strong>etc.</strong></span> <span class='ocrx_word' id='word_1_64' title='bbox 2156 1731 2360 1825; x_wconf 87' lang='lat' dir='ltr'>Rex,</span> 
     </span>
     <span class='ocr_line' id='line_1_13' title="bbox 167 1823 2364 1929; baseline 0.002 -23"><span class='ocrx_word' id='word_1_65' title='bbox 167 1826 516 1906; x_wconf 75' lang='lat' dir='ltr'><strong>fidelibus</strong></span> <span class='ocrx_word' id='word_1_66' title='bbox 566 1824 834 1901; x_wconf 85' lang='lat' dir='ltr'><strong>nostris</strong></span> <span class='ocrx_word' id='word_1_67' title='bbox 890 1824 1224 1929; x_wconf 87' lang='lat' dir='ltr'><strong>providis</strong></span> <span class='ocrx_word' id='word_1_68' title='bbox 1275 1823 1660 1919; x_wconf 71' lang='lat' dir='ltr'><strong>Judiciet</strong></span> <span class='ocrx_word' id='word_1_69' title='bbox 1720 1829 1991 1906; x_wconf 85' lang='lat' dir='ltr'><strong>Juratis</strong></span> <span class='ocrx_word' id='word_1_70' title='bbox 2058 1834 2364 1911; x_wconf 77' lang='lat' dir='ltr'>Civibus</span> 
     </span>
     <span class='ocr_line' id='line_1_14' title="bbox 175 1931 2364 2040; baseline 0.003 -30"><span class='ocrx_word' id='word_1_71' title='bbox 175 1951 474 2010; x_wconf 77' lang='lat' dir='ltr'><strong>nostrae</strong></span> <span class='ocrx_word' id='word_1_72' title='bbox 510 1931 843 2009; x_wconf 78' lang='lat' dir='ltr'><strong>Civitatis</strong></span> <span class='ocrx_word' id='word_1_73' title='bbox 887 1933 1275 2009; x_wconf 86' lang='lat' dir='ltr'><strong>Posonien.</strong></span> <span class='ocrx_word' id='word_1_74' title='bbox 1324 1932 1632 2007; x_wconf 73' lang='lat' dir='ltr'><strong>salutem</strong></span> <span class='ocrx_word' id='word_1_75' title='bbox 1673 1953 1750 2009; x_wconf 83' lang='lat' dir='ltr'><strong>et</strong></span> <span class='ocrx_word' id='word_1_76' title='bbox 1792 1939 2130 2040; x_wconf 77' lang='lat' dir='ltr'><strong>gratiam.</strong></span> <span class='ocrx_word' id='word_1_77' title='bbox 2184 1942 2364 2016; x_wconf 89' lang='lat' dir='ltr'><strong>Pro-</strong></span> 
     </span>
     <span class='ocr_line' id='line_1_15' title="bbox 175 2036 2362 2146; baseline 0.002 -31"><span class='ocrx_word' id='word_1_78' title='bbox 175 2060 263 2121; x_wconf 83' lang='lat' dir='ltr'><strong>ut</strong></span> <span class='ocrx_word' id='word_1_79' title='bbox 296 2057 369 2116; x_wconf 87' lang='lat' dir='ltr'><strong>et</strong></span> <span class='ocrx_word' id='word_1_80' title='bbox 404 2036 1029 2143; x_wconf 72' lang='lat' dir='ltr'><strong>quemadmodum</strong></span> <span class='ocrx_word' id='word_1_81' title='bbox 1072 2037 1433 2114; x_wconf 76' lang='lat' dir='ltr'><strong>Fidelitati</strong></span> <span class='ocrx_word' id='word_1_82' title='bbox 1472 2039 1776 2117; x_wconf 79' lang='lat' dir='ltr'><strong>Vestrae</strong></span> <span class='ocrx_word' id='word_1_83' title='bbox 1832 2069 1971 2146; x_wconf 87' lang='lat' dir='ltr'><strong>per</strong></span> <span class='ocrx_word' id='word_1_84' title='bbox 2016 2042 2191 2119; x_wconf 80' lang='lat' dir='ltr'><strong>alias</strong></span> <span class='ocrx_word' id='word_1_85' title='bbox 2228 2046 2362 2119; x_wconf 89' lang='lat' dir='ltr'><strong>Li-</strong></span> 
     </span>
     <span class='ocr_line' id='line_1_16' title="bbox 173 2140 2362 2255; baseline 0 -28"><span class='ocrx_word' id='word_1_86' title='bbox 173 2167 373 2227; x_wconf 79' lang='lat' dir='ltr'><strong>teras</strong></span> <span class='ocrx_word' id='word_1_87' title='bbox 433 2162 716 2221; x_wconf 85' lang='lat' dir='ltr'><strong>nostras</strong></span> <span class='ocrx_word' id='word_1_88' title='bbox 768 2142 1145 2220; x_wconf 77' lang='lat' dir='ltr'><strong>mandasse</strong></span> <span class='ocrx_word' id='word_1_89' title='bbox 1198 2140 1620 2240; x_wconf 68' lang='lat' dir='ltr'><strong>retulimus,</strong></span> <span class='ocrx_word' id='word_1_90' title='bbox 1675 2150 1782 2224; x_wconf 87' lang='lat' dir='ltr'><strong>sio</strong></span> <span class='ocrx_word' id='word_1_91' title='bbox 1839 2165 1916 2224; x_wconf 89' lang='lat' dir='ltr'><strong>et</strong></span> <span class='ocrx_word' id='word_1_92' title='bbox 1949 2175 2090 2254; x_wconf 85' lang='lat' dir='ltr'><strong>per</strong></span> <span class='ocrx_word' id='word_1_93' title='bbox 2136 2179 2362 2255; x_wconf 86' lang='lat' dir='ltr'><strong>prae-</strong></span> 
     </span>
     <span class='ocr_line' id='line_1_17' title="bbox 173 2250 2361 2353; baseline 0 -20"><span class='ocrx_word' id='word_1_94' title='bbox 173 2272 423 2333; x_wconf 80' lang='lat' dir='ltr'><strong>sentes</strong></span> <span class='ocrx_word' id='word_1_95' title='bbox 459 2250 760 2327; x_wconf 84' lang='lat' dir='ltr'><strong>firmiori</strong></span> <span class='ocrx_word' id='word_1_96' title='bbox 799 2268 1057 2325; x_wconf 87' lang='lat' dir='ltr'><strong>nostro</strong></span> <span class='ocrx_word' id='word_1_97' title='bbox 1090 2252 1361 2353; x_wconf 80' lang='lat' dir='ltr'><strong>Regio,</strong></span> <span class='ocrx_word' id='word_1_98' title='bbox 1418 2276 1572 2351; x_wconf 89' lang='lat' dir='ltr'><strong>quo</strong></span> <span class='ocrx_word' id='word_1_99' title='bbox 1614 2280 2000 2352; x_wconf 85' lang='lat' dir='ltr'><strong>possumus</strong></span> <span class='ocrx_word' id='word_1_100' title='bbox 2025 2311 2046 2349; x_wconf 89' lang='lat'>‚</span> <span class='ocrx_word' id='word_1_101' title='bbox 2102 2256 2361 2335; x_wconf 87' lang='lat' dir='ltr'><strong>damus</strong></span> 
     </span>
     <span class='ocr_line' id='line_1_18' title="bbox 175 2355 2359 2460; baseline -0.001 -19"><span class='ocrx_word' id='word_1_102' title='bbox 175 2360 322 2441; x_wconf 76' lang='lat' dir='ltr'><strong>sub</strong></span> <span class='ocrx_word' id='word_1_103' title='bbox 359 2358 665 2450; x_wconf 85' lang='lat' dir='ltr'><strong>Edicto,</strong></span> <span class='ocrx_word' id='word_1_104' title='bbox 726 2374 1083 2458; x_wconf 85' lang='lat' dir='ltr'><strong>quatenus</strong></span> <span class='ocrx_word' id='word_1_105' title='bbox 1119 2355 1213 2430; x_wconf 92' lang='lat' dir='ltr'><strong>de</strong></span> <span class='ocrx_word' id='word_1_106' title='bbox 1269 2359 1755 2460; x_wconf 81' lang='lat' dir='ltr'><strong>proventibus</strong></span> <span class='ocrx_word' id='word_1_107' title='bbox 1818 2360 2152 2438; x_wconf 87' lang='lat' dir='ltr'><strong>Cusionis</strong></span> <span class='ocrx_word' id='word_1_108' title='bbox 2189 2389 2359 2437; x_wconf 87' lang='lat' dir='ltr'><strong>mo-</strong></span> 
     </span>
     <span class='ocr_line' id='line_1_19' title="bbox 175 2462 2357 2564; baseline 0.001 -21"><span class='ocrx_word' id='word_1_109' title='bbox 175 2478 521 2543; x_wconf 73' lang='lat' dir='ltr'><strong>netarum</strong></span> <span class='ocrx_word' id='word_1_110' title='bbox 558 2482 975 2540; x_wconf 87' lang='lat' dir='ltr'><strong>nostrarum</strong></span> <span class='ocrx_word' id='word_1_111' title='bbox 1020 2462 1108 2539; x_wconf 81' lang='lat' dir='ltr'><strong>ad</strong></span> <span class='ocrx_word' id='word_1_112' title='bbox 1149 2463 1572 2564; x_wconf 82' lang='lat' dir='ltr'><strong>portionem</strong></span> <span class='ocrx_word' id='word_1_113' title='bbox 1613 2482 1911 2563; x_wconf 87' lang='lat' dir='ltr'><strong>nostrae</strong></span> <span class='ocrx_word' id='word_1_114' title='bbox 1954 2464 2357 2553; x_wconf 72' lang='lat' dir='ltr'><strong>Maiestatis</strong></span> 
     </span>
     <span class='ocr_line' id='line_1_20' title="bbox 179 2567 2360 2676; baseline 0.002 -26"><span class='ocrx_word' id='word_1_115' title='bbox 179 2572 654 2667; x_wconf 84' lang='lat' dir='ltr'><strong>cedentibus,</strong></span> <span class='ocrx_word' id='word_1_116' title='bbox 709 2569 904 2647; x_wconf 83' lang='lat' dir='ltr'><strong>fideli</strong></span> <span class='ocrx_word' id='word_1_117' title='bbox 937 2587 1195 2671; x_wconf 84' lang='lat' dir='ltr'><strong>nostro</strong></span> <span class='ocrx_word' id='word_1_118' title='bbox 1223 2567 1619 2671; x_wconf 80' lang='lat' dir='ltr'><strong>Magniflco</strong></span> <span class='ocrx_word' id='word_1_119' title='bbox 1642 2570 2020 2676; x_wconf 79' lang='lat' dir='ltr'><strong>Stephano</strong></span> <span class='ocrx_word' id='word_1_120' title='bbox 2060 2574 2154 2663; x_wconf 82' lang='lat' dir='ltr'><strong>de</strong></span> <span class='ocrx_word' id='word_1_121' title='bbox 2175 2578 2360 2673; x_wconf 84' lang='lat' dir='ltr'><strong>Roz·</strong></span> 
     </span>
     <span class='ocr_line' id='line_1_21' title="bbox 177 2676 2355 2788; baseline 0.001 -32"><span class='ocrx_word' id='word_1_122' title='bbox 177 2708 328 2788; x_wconf 79' lang='lat' dir='ltr'><strong>gon</strong></span> <span class='ocrx_word' id='word_1_123' title='bbox 381 2679 651 2755; x_wconf 87' lang='lat' dir='ltr'><strong>Comiti</strong></span> <span class='ocrx_word' id='word_1_124' title='bbox 702 2695 958 2754; x_wconf 88' lang='lat' dir='ltr'><strong>nostro</strong></span> <span class='ocrx_word' id='word_1_125' title='bbox 1014 2678 1434 2752; x_wconf 86' lang='lat' dir='ltr'><strong>Posoniensi</strong></span> <span class='ocrx_word' id='word_1_126' title='bbox 1492 2695 1617 2753; x_wconf 89' lang='lat' dir='ltr'><strong>aut</strong></span> <span class='ocrx_word' id='word_1_127' title='bbox 1679 2676 1837 2780; x_wconf 87' lang='lat' dir='ltr'><strong>ejus</strong></span> <span class='ocrx_word' id='word_1_128' title='bbox 1888 2678 2355 2769; x_wconf 87' lang='lat' dir='ltr'><strong>hominibus,</strong></span> 
     </span>
     <span class='ocr_line' id='line_1_22' title="bbox 178 2782 2359 2863; baseline 0 0"><span class='ocrx_word' id='word_1_129' title='bbox 178 2785 779 2863; x_wconf 75' lang='lat' dir='ltr'><strong>sollicitatoribus</strong></span> <span class='ocrx_word' id='word_1_130' title='bbox 826 2783 1106 2860; x_wconf 81' lang='lat' dir='ltr'><strong>scilicet:</strong></span> <span class='ocrx_word' id='word_1_131' title='bbox 1165 2782 1507 2863; x_wconf 74' lang='lat' dir='ltr'><strong>laborum</strong></span> <span class='ocrx_word' id='word_1_132' title='bbox 1557 2801 1988 2861; x_wconf 88' lang='lat' dir='ltr'><strong>nostrorum</strong></span> <span class='ocrx_word' id='word_1_133' title='bbox 2041 2787 2359 2863; x_wconf 85' lang='lat' dir='ltr'><strong>Posoni-</strong></span> 
     </span>
     <span class='ocr_line' id='line_1_23' title="bbox 180 2889 2358 2991; baseline 0.001 -23"><span class='ocrx_word' id='word_1_134' title='bbox 180 2895 464 2971; x_wconf 84' lang='lat' dir='ltr'><strong>ensium</strong></span> <span class='ocrx_word' id='word_1_135' title='bbox 491 2948 512 2983; x_wconf 92' lang='lat'>‚</span> <span class='ocrx_word' id='word_1_136' title='bbox 566 2891 653 2966; x_wconf 90' lang='lat' dir='ltr'><strong>ad</strong></span> <span class='ocrx_word' id='word_1_137' title='bbox 695 2889 985 2965; x_wconf 85' lang='lat' dir='ltr'><strong>labores</strong></span> <span class='ocrx_word' id='word_1_138' title='bbox 1025 2908 1312 2971; x_wconf 82' lang='lat' dir='ltr'><strong>nostros</strong></span> <span class='ocrx_word' id='word_1_139' title='bbox 1352 2908 1879 2991; x_wconf 58' lang='lat' dir='ltr'><strong>praenotatos,</strong></span> <span class='ocrx_word' id='word_1_140' title='bbox 1928 2890 2081 2967; x_wconf 91' lang='lat' dir='ltr'><strong>duo</strong></span> <span class='ocrx_word' id='word_1_141' title='bbox 2122 2892 2358 2972; x_wconf 87' lang='lat' dir='ltr'><strong>Millia</strong></span> 
     </span>
     <span class='ocr_line' id='line_1_24' title="bbox 182 2996 2356 3102; baseline 0 -26"><span class='ocrx_word' id='word_1_142' title='bbox 182 3017 261 3077; x_wconf 84' lang='lat' dir='ltr'><strong>et</strong></span> <span class='ocrx_word' id='word_1_143' title='bbox 297 2996 871 3102; x_wconf 82' lang='lat' dir='ltr'><strong>quadringentos</strong></span> <span class='ocrx_word' id='word_1_144' title='bbox 903 2996 1225 3072; x_wconf 87' lang='lat' dir='ltr'><strong>florenos</strong></span> <span class='ocrx_word' id='word_1_145' title='bbox 1261 3021 1397 3095; x_wconf 86' lang='lat' dir='ltr'><strong>per</strong></span> <span class='ocrx_word' id='word_1_146' title='bbox 1434 2997 1746 3073; x_wconf 79' lang='lat' dir='ltr'><strong>Centum</strong></span> <span class='ocrx_word' id='word_1_147' title='bbox 1787 2999 2184 3101; x_wconf 89' lang='lat' dir='ltr'><strong>praesentis</strong></span> <span class='ocrx_word' id='word_1_148' title='bbox 2224 3027 2356 3076; x_wconf 90' lang='lat' dir='ltr'><strong>no·</strong></span> 
     </span>
     <span class='ocr_line' id='line_1_25' title="bbox 179 3092 2356 3205; baseline 0 -22"><span class='ocrx_word' id='word_1_149' title='bbox 179 3092 375 3185; x_wconf 75' lang='lat' dir='ltr'><strong>strae</strong></span> <span class='ocrx_word' id='word_1_150' title='bbox 421 3105 762 3191; x_wconf 84' lang='lat' dir='ltr'><strong>Monetae</strong></span> <span class='ocrx_word' id='word_1_151' title='bbox 814 3104 1175 3205; x_wconf 83' lang='lat' dir='ltr'><strong>Quarting</strong></span> <span class='ocrx_word' id='word_1_152' title='bbox 1209 3100 1639 3205; x_wconf 30' lang='lat' dir='ltr'><strong>[appellatae</strong></span> <span class='ocrx_word' id='word_1_153' title='bbox 1682 3101 1857 3178; x_wconf 87' lang='lat' dir='ltr'><strong>dare</strong></span> <span class='ocrx_word' id='word_1_154' title='bbox 1922 3102 2247 3181; x_wconf 83' lang='lat' dir='ltr'><strong>debeatis</strong></span> <span class='ocrx_word' id='word_1_155' title='bbox 2280 3125 2356 3183; x_wconf 82' lang='lat' dir='ltr'><strong>et</strong></span> 
     </span>
     <span class='ocr_line' id='line_1_26' title="bbox 181 3208 2354 3316; baseline -0.003 -27"><span class='ocrx_word' id='word_1_156' title='bbox 181 3214 589 3316; x_wconf 82' lang='lat' dir='ltr'><strong>assignare,</strong></span> <span class='ocrx_word' id='word_1_157' title='bbox 647 3236 838 3314; x_wconf 85' lang='lat' dir='ltr'><strong>quos</strong></span> <span class='ocrx_word' id='word_1_158' title='bbox 898 3209 1200 3314; x_wconf 87' lang='lat' dir='ltr'><strong>quidem</strong></span> <span class='ocrx_word' id='word_1_159' title='bbox 1240 3208 1390 3285; x_wconf 91' lang='lat' dir='ltr'><strong>duo</strong></span> <span class='ocrx_word' id='word_1_160' title='bbox 1447 3208 1677 3284; x_wconf 86' lang='lat' dir='ltr'><strong>Millia</strong></span> <span class='ocrx_word' id='word_1_161' title='bbox 1734 3226 1810 3286; x_wconf 89' lang='lat' dir='ltr'><strong>et</strong></span> <span class='ocrx_word' id='word_1_162' title='bbox 1864 3210 2354 3315; x_wconf 80' lang='lat' dir='ltr'><strong>quadringen-</strong></span> 
     </span>
     <span class='ocr_line' id='line_1_27' title="bbox 183 3313 2349 3422; baseline -0.002 -24"><span class='ocrx_word' id='word_1_163' title='bbox 183 3340 301 3398; x_wconf 88' lang='lat' dir='ltr'><strong>tos</strong></span> <span class='ocrx_word' id='word_1_164' title='bbox 361 3316 678 3394; x_wconf 88' lang='lat' dir='ltr'><strong>florenos</strong></span> <span class='ocrx_word' id='word_1_165' title='bbox 725 3343 865 3420; x_wconf 90' lang='lat' dir='ltr'><strong>pro</strong></span> <span class='ocrx_word' id='word_1_166' title='bbox 916 3332 1132 3420; x_wconf 54' lang='lat' dir='ltr'><strong>parte*</strong></span> <span class='ocrx_word' id='word_1_167' title='bbox 1179 3318 1615 3417; x_wconf 81' lang='lat' dir='ltr'><strong>praemissa,</strong></span> <span class='ocrx_word' id='word_1_168' title='bbox 1671 3313 1970 3391; x_wconf 84' lang='lat' dir='ltr'><strong>tandem</strong></span> <span class='ocrx_word' id='word_1_169' title='bbox 2028 3316 2120 3390; x_wconf 89' lang='lat' dir='ltr'><strong>de</strong></span> <span class='ocrx_word' id='word_1_170' title='bbox 2179 3319 2349 3422; x_wconf 85' lang='lat' dir='ltr'><strong>ipsis</strong></span> 
     </span>
     <span class='ocr_line' id='line_1_28' title="bbox 177 3421 2345 3532; baseline 0 -32"><span class='ocrx_word' id='word_1_171' title='bbox 177 3424 682 3532; x_wconf 79' lang='lat' dir='ltr'><strong>proventibus.</strong></span> <span class='ocrx_word' id='word_1_172' title='bbox 737 3425 965 3528; x_wconf 87' lang='lat' dir='ltr'><strong>ipsius</strong></span> <span class='ocrx_word' id='word_1_173' title='bbox 1026 3421 1357 3497; x_wconf 69' lang='lat' dir='ltr'><strong>Cusionis</strong></span> <span class='ocrx_word' id='word_1_174' title='bbox 1406 3438 1869 3502; x_wconf 77' lang='lat' dir='ltr'><strong>monetarum</strong></span> <span class='ocrx_word' id='word_1_175' title='bbox 1929 3422 2345 3500; x_wconf 82' lang='lat' dir='ltr'><strong>nostrarum</strong></span> 
     </span>
     <span class='ocr_line' id='line_1_29' title="bbox 180 3527 2344 3638; baseline -0.001 -30"><span class='ocrx_word' id='word_1_176' title='bbox 180 3558 322 3638; x_wconf 85' lang='lat' dir='ltr'><strong>pro</strong></span> <span class='ocrx_word' id='word_1_177' title='bbox 375 3533 719 3633; x_wconf 86' lang='lat' dir='ltr'><strong>portione</strong></span> <span class='ocrx_word' id='word_1_178' title='bbox 768 3549 1014 3605; x_wconf 85' lang='lat' dir='ltr'><strong>nostra</strong></span> <span class='ocrx_word' id='word_1_179' title='bbox 1049 3528 1482 3604; x_wconf 87' lang='lat' dir='ltr'><strong>cedentibus</strong></span> <span class='ocrx_word' id='word_1_180' title='bbox 1523 3556 1661 3632; x_wconf 87' lang='lat' dir='ltr'><strong>pro</strong></span> <span class='ocrx_word' id='word_1_181' title='bbox 1701 3527 1911 3603; x_wconf 81' lang='lat' dir='ltr'><strong>vobis</strong></span> <span class='ocrx_word' id='word_1_182' title='bbox 1934 3530 2344 3617; x_wconf 73' lang='lat' dir='ltr'><strong>successive</strong></span> 
     </span>
     <span class='ocr_line' id='line_1_30' title="bbox 180 3633 2343 3734; baseline -0.002 -17"><span class='ocrx_word' id='word_1_183' title='bbox 180 3633 592 3717; x_wconf 81' lang='lat' dir='ltr'><strong>extrahetis.</strong></span> <span class='ocrx_word' id='word_1_184' title='bbox 681 3637 775 3723; x_wconf 87' lang='lat' dir='ltr'><strong>Et</strong></span> <span class='ocrx_word' id='word_1_185' title='bbox 808 3662 1017 3712; x_wconf 90' lang='lat' dir='ltr'><strong>secus</strong></span> <span class='ocrx_word' id='word_1_186' title='bbox 1065 3634 1203 3713; x_wconf 84' lang='lat' dir='ltr'><strong>sub</strong></span> <span class='ocrx_word' id='word_1_187' title='bbox 1259 3634 1499 3711; x_wconf 88' lang='lat' dir='ltr'><strong>Poena</strong></span> <span class='ocrx_word' id='word_1_188' title='bbox 1547 3634 2009 3734; x_wconf 79' lang='lat' dir='ltr'><strong>gravissimae</strong></span> <span class='ocrx_word' id='word_1_189' title='bbox 2051 3653 2343 3712; x_wconf 87' lang='lat' dir='ltr'><strong>nostrae</strong></span> 
     </span>
     <span class='ocr_line' id='line_1_31' title="bbox 175 3738 2348 3848; baseline -0 -27"><span class='ocrx_word' id='word_1_190' title='bbox 175 3744 744 3848; x_wconf 81' lang='lat' dir='ltr'><strong>indignationis,</strong></span> <span class='ocrx_word' id='word_1_191' title='bbox 798 3768 1018 3844; x_wconf 88' lang='lat' dir='ltr'><strong>quam</strong></span> <span class='ocrx_word' id='word_1_192' title='bbox 1076 3767 1169 3817; x_wconf 87' lang='lat' dir='ltr'><strong>eo</strong></span> <span class='ocrx_word' id='word_1_193' title='bbox 1217 3738 1455 3832; x_wconf 86' lang='lat' dir='ltr'><strong>facto,</strong></span> <span class='ocrx_word' id='word_1_194' title='bbox 1522 3741 1666 3814; x_wconf 84' lang='lat' dir='ltr'><strong>nisi</strong></span> <span class='ocrx_word' id='word_1_195' title='bbox 1724 3740 2097 3834; x_wconf 78' lang='lat' dir='ltr'><strong>feceritis‚&#39;</strong></span> <span class='ocrx_word' id='word_1_196' title='bbox 2156 3767 2348 3843; x_wconf 83' lang='lat' dir='ltr'><strong>quae</strong></span> 
     </span>
     <span class='ocr_line' id='line_1_32' title="bbox 183 3844 2347 3946; baseline -0.003 -18"><span class='ocrx_word' id='word_1_197' title='bbox 183 3851 654 3946; x_wconf 87' lang='lat' dir='ltr'><strong>mandamus,</strong></span> <span class='ocrx_word' id='word_1_198' title='bbox 707 3850 1134 3939; x_wconf 84' lang='lat' dir='ltr'><strong>incurretis,</strong></span> <span class='ocrx_word' id='word_1_199' title='bbox 1193 3844 1602 3924; x_wconf 82' lang='lat' dir='ltr'><strong>nullatenus</strong></span> <span class='ocrx_word' id='word_1_200' title='bbox 1634 3844 1880 3923; x_wconf 86' lang='lat' dir='ltr'><strong>facere</strong></span> <span class='ocrx_word' id='word_1_201' title='bbox 1914 3870 2347 3946; x_wconf 85' lang='lat' dir='ltr'><strong>praesuma-</strong></span> 
     </span>
     <span class='ocr_line' id='line_1_33' title="bbox 186 3952 2346 4062; baseline -0.003 -28"><span class='ocrx_word' id='word_1_202' title='bbox 186 3961 322 4053; x_wconf 81' lang='lat' dir='ltr'><strong>tis3</strong></span> <span class='ocrx_word' id='word_1_203' title='bbox 374 3975 803 4062; x_wconf 49' lang='lat' dir='ltr'><strong>praesentes,</strong></span> <span class='ocrx_word' id='word_1_204' title='bbox 840 3972 1082 4030; x_wconf 86' lang='lat' dir='ltr'><strong>autem</strong></span> <span class='ocrx_word' id='word_1_205' title='bbox 1136 3952 1324 4029; x_wconf 67' lang='lat' dir='ltr'><strong>theta</strong></span> <span class='ocrx_word' id='word_1_206' title='bbox 1368 3955 1732 4031; x_wconf 82' lang='lat' dir='ltr'><strong>solutione</strong></span> <span class='ocrx_word' id='word_1_207' title='bbox 1768 3953 2203 4056; x_wconf 83' lang='lat' dir='ltr'><strong>praemissa,</strong></span> <span class='ocrx_word' id='word_1_208' title='bbox 2254 3958 2346 4028; x_wconf 88' lang='lat' dir='ltr'><strong>si-</strong></span> 
     </span>
     <span class='ocr_line' id='line_1_34' title="bbox 184 4056 2351 4169; baseline -0.004 -25"><span class='ocrx_word' id='word_1_209' title='bbox 184 4064 342 4144; x_wconf 80' lang='lat' dir='ltr'><strong>mul</strong></span> <span class='ocrx_word' id='word_1_210' title='bbox 378 4089 552 4140; x_wconf 88' lang='lat' dir='ltr'><strong>cum</strong></span> <span class='ocrx_word' id='word_1_211' title='bbox 582 4063 970 4169; x_wconf 85' lang='lat' dir='ltr'><strong>praedictis</strong></span> <span class='ocrx_word' id='word_1_212' title='bbox 1009 4059 1165 4137; x_wconf 83' lang='lat' dir='ltr'><strong>aliis</strong></span> <span class='ocrx_word' id='word_1_213' title='bbox 1209 4056 1506 4138; x_wconf 77' lang='lat' dir='ltr'><strong>Litteris</strong></span> <span class='ocrx_word' id='word_1_214' title='bbox 1543 4061 1868 4154; x_wconf 56' lang='lat' dir='ltr'><strong>uostris,</strong></span> <span class='ocrx_word' id='word_1_215' title='bbox 1922 4079 2066 4162; x_wconf 82' lang='lat' dir='ltr'><strong>pro</strong></span> <span class='ocrx_word' id='word_1_216' title='bbox 2103 4058 2351 4136; x_wconf 83' lang='lat' dir='ltr'><strong>Vestri</strong></span> 
     </span>
    </p>
   </div>
   <div class='ocr_carea' id='block_1_6' title="bbox 295 4164 1975 4283">
    <p class='ocr_par' dir='ltr' id='par_1_7' title="bbox 295 4164 1975 4283">
     <span class='ocr_line' id='line_1_35' title="bbox 295 4164 1975 4283; baseline -0.006 -38"><span class='ocrx_word' id='word_1_217' title='bbox 295 4168 508 4250; x_wconf 79' lang='lat' dir='ltr'><strong>Tom.</strong></span> <span class='ocrx_word' id='word_1_218' title='bbox 541 4174 640 4249; x_wconf 79' lang='lat' dir='ltr'><strong>X.</strong></span> <span class='ocrx_word' id='word_1_219' title='bbox 671 4169 844 4247; x_wconf 91' lang='lat' dir='ltr'><strong>Vol.</strong></span> <span class='ocrx_word' id='word_1_220' title='bbox 886 4169 1086 4246; x_wconf 83' lang='lat' dir='ltr'><strong>Vm.</strong></span> <span class='ocrx_word' id='word_1_221' title='bbox 1774 4272 1779 4283; x_wconf 92' lang='lat'><em>.</em></span> <span class='ocrx_word' id='word_1_222' title='bbox 1872 4164 1975 4236; x_wconf 80' lang='lat'><strong>40</strong></span> 
     </span>
    </p>
   </div>
   <div class='ocr_carea' id='block_1_7' title="bbox 2534 1084 2595 1167">
    <p class='ocr_par' dir='ltr' id='par_1_8' title="bbox 2534 1084 2595 1167">
     <span class='ocr_line' id='line_1_36' title="bbox 2534 1084 2595 1167; baseline 0 -14"><span class='ocrx_word' id='word_1_223' title='bbox 2534 1084 2595 1167; x_wconf 53' lang='grc' dir='ltr'><strong>,ᾗ</strong></span> 
     </span>
    </p>
   </div>
  </div>
 </body>
</html>
