2875 4842
2085 462 2236 531 237

186 683 435 744 trasset‘
490 685 570 743 et
638 664 941 744 fecisset
1009 684 1086 743 et
1154 664 1250 741 de
1314 672 1655 742 annotata
1726 664 2072 770 plebania
2153 668 2346 744 fuis-

183 794 279 848 set
349 791 426 850 et
482 752 762 850 eiectus
832 774 1175 851 exclusus
1257 790 1335 848 et
1405 773 1781 879 depositus
1852 777 2148 849 racione
2208 774 2346 850 hu·-

184 882 284 954 ius
356 879 747 963 Johan‘nes,
802 879 993 956 filius
1085 904 1296 957 meus
1371 897 1853 956 memoratam
1936 882 2344 971 Ecclesiam
2467 882 2480 891 ’

180 988 393 1063 sancti
428 988 783 1064 Iohannis
818 988 1148 1092 Baptiste
1188 985 1284 1061 de
1343 987 1703 1091 prelibata
1745 986 1970 1061 Patala
2016 1014 2109 1064 ex
2139 1044 2144 1048 -
2172 992 2345 1064 col-

178 1095 446 1170 lacione
499 1095 998 1198 predictarum
1062 1094 1486 1197 reginarum
1553 1112 1630 1170 et
1673 1119 1770 1168 ex
1823 1117 2188 1171 consensu
2225 1124 2359 1172 se··

179 1201 517 1278 renissimi
573 1202 936 1306 principis
1007 1200 1309 1275 Domini
1373 1198 1826 1301 Sigismundi
1887 1200 2342 1278 marchionis

177 1307 606 1384 Brandemb.
664 1311 851 1387 sacri
887 1310 1175 1384 romani
1219 1309 1527 1411 Imperii
1573 1306 2162 1384 archicamerarii
2209 1306 2337 1383 su*-

178 1414 335 1489 isset
399 1415 716 1520 adeptus
762 1433 858 1519 *et
912 1412 1219 1518 pacifice
1271 1432 1643 1521 assecqtus
1719 1416 1802 1490 et'
1875 1415 2058 1493 dum
2141 1414 2360 1491 idem-

68 1590 78 1605 ,
173 1519 533 1597 ,Iohannes
569 1522 816 1598 Hei-ici
853 1522 1217 1624 legitimus
1259 1538 1703 1624 procurator
1735 1537 1992 1598 noster
2036 1543 2338 1625 praeat-

178 1641 395 1702 tactns
432 1644 692 1703 contra
748 1630 1164 1732 predictum
1210 1626 1602 1704 dominnm
1656 1628 2044 1705 Nicolaum
2089 1631 2342 1709 literas

174 1740 734 1811 memoratarum
771 1738 1368 1841 pnincipissarnm
1412 1737 1838 1851 reginarum
1868 1735 2224 1838 hungarie
2247 1764 2338 1815 ao

174 1836 401 1917 literas
462 1840 1061 1941 excellentissimi
1112 1843 1462 1947 principis
1533 1842 1821 1916 domini
1886 1841 2334 1944 sigismundi
2459 1861 2465 1871 '

171 1972 406 2022 coram
448 1948 792 2051 predicto
825 1948 1091 2023 Jndice
1139 1967 1214 2023 et
1260 1949 1550 2055 prefate
1576 1949 1934 2026 Eccles
1961 1953 2049 2026 ie
2094 1940 2335 2055 legiti-

170 2080 277 2129 mo
311 2073 804 2159 procuratore
847 2054 940 2129 ad
986 2053 1545 2160 expurgandam
1583 2061 2038 2132 innocentius
2070 2057 2148 2135 et
2182 2060 2333 2135 im·-

170 2167 549 2238 munitates
601 2181 885 2239 nostras
940 2160 1364 2266 producere
1420 2164 1806 2254 voluisset,
1865 2182 2043 2238 tunc
2093 2163 2332 2243 dictus
2437 2250 2438 2253 Ἴ

167 2267 439 2344 thoinas
474 2269 802 2346 literatus
846 2287 1286 2372 procurator
1315 2270 1671 2373 sepedicti
1716 2270 1999 2344 demini
2039 2271 2328 2348 Nicolai

166 2401 241 2450 ac
270 2416 377 2431 -·
421 2417 529 2431 -
566 2418 674 2435 --
712 2375 810 2451 de
858 2379 1192 2476 parcium
1234 2377 1615 2452 voluntate
1652 2394 1728 2452 et
1764 2402 1857 2451 ex
1893 2378 2329 2481 permissio·-

165 2509 248 2556 ne
278 2483 600 2586 pretacti
645 2481 928 2558 Jud'rcis
989 2481 1079 2554 ad
1136 2484 1476 2586 quintum
1524 2483 1894 2558 decimum
1939 2482 2139 2559 diem
2178 2494 2328 2562 ter-

162 2593 321 2666 mini
364 2604 543 2665 ante
585 2588 1125 2697 dictiffiausam
1184 2612 1313 2663 seu
1375 2616 1625 2667 causas
1678 2608 1868 2665 statu
1921 2591 1996 2664 in
2059 2592 2327 2670 eodem

162 2713 641 2800 prorogasset.
714 2699 890 2801 Ipso
938 2698 1255 2770 termino
1293 2695 1731 2772 adueniente
1765 2724 1893 2775 seu
1926 2723 2332 2774 occurren·

165 2818 229 2878 te
276 2818 634 2903 tanquam
702 2806 864 2879 veri
926 2803 1365 2879 obediencie
1427 2802 1561 2905 ffly
1635 2829 1983 2908 personas
2041 2816 2330 2882 nostras

62 2910 65 2919 ’
162 2932 318 2984 cum
358 2899 742 3016 premissis
792 2908 1198 2986 literalibus
1250 2911 1750 2987 instrumentis
1811 2938 1995 3013 quas
2041 2909 2329 2988 Joban-

165 3040 280 3091 nes
314 3016 574 3094 Herici
622 3017 699 3091 in
741 3018 984 3122 primo
1038 3018 1357 3092 termino
1397 3014 1494 3111 de
1541 3035 1619 3091 et
1647 3014 1896 3121 'super
1945 3038 2330 3120 expurga-

165 3123 363 3198 cione
428 3142 507 3227 et
554 3144 805 3200 nostre
860 3122 1299 3199 innocencie
1356 3122 1810 3226 produxerat
1870 3126 2327 3228 presentaui-

164 3254 313 3304 mus
351 3249 692 3334 optantes
735 3257 1027 3333 semper
1065 3229 1286 3305 finem
1325 3228 1644 3323 habere,
1686 3247 1930 3307 vtrum
1960 3267 2330 3299 -.---

166 3335 576 3435 primariam
616 3339 1069 3438 peticionem
1102 3356 1180 3412 et
1215 3334 1513 3412 obieeta
1554 3362 1700 3442 pro
1737 3354 1945 3439 parte
1971 3335 2166 3412 dieti
2196 3338 2358 3443 ‹io-p

169 3444 329 3516 mini
388 3444 676 3520 Nicolai
713 3443 958 3521 dictus
995 3443 1311 3519 Thomas
1358 3444 1685 3520 literatus
1736 3444 2101 3547 legitimus
2140 3470 2325 3548 pro·

170 3567 451 3627 curator
485 3577 658 3627 suus
700 3552 1058 3657 prosequi
1113 3552 1335 3627 vellet
1394 3569 1469 3627 et
1524 3549 1823 3641 finalem
1874 3550 2336 3641 decisionem„

170 3649 443 3733 habere.
556 3658 766 3735 Idem
832 3658 1152 3737 Thomas
1192 3652 1532 3759 prefatus
1580 3658 1977 3763 prescripti
2043 3655 2329 3733 domini

169 3756 437 3877 l’iicolai
481 3764 780 3867 plebani
823 3766 955 3842 diu
988 3767 1064 3840 in
1087 3766 1383 3842 Judicio
1423 3764 1687 3843 absens
1729 3790 1872 3842 nec
1907 3763 2143 3842 verbo
2186 3790 2329 3841 nec

173 3890 239 3939 m
276 3873 560 3974 scriptis
596 3896 736 3949 nec
776 3900 912 3977 per
960 3891 1182 3947 testes
1214 3874 1594 3976 primarias
1627 3898 1790 3951 suas
1819 3875 2219 3975 petitiones
2255 3890 2331 3947 et

177 3981 592 4054 canonicum
643 3979 1030 4057 introitum
1086 3977 1269 4053 dicti
1311 3979 1594 4054 domini
1633 3977 1921 4056 Nicolai
1961 3995 2041 4054 et
2082 3979 2332 4054 omnia

177 4076 301 4153 alia
328 4102 581 4161 contra
637 4085 1007 4190 predictos
1048 4089 1309 4161 citatos
1349 4087 1585 4163 voluit
1625 4089 1997 4192 applicare
2035 4112 2176 4160 nec
2223 4084 2331 4157 vl·
2419 4122 2428 4141 1

180 4188 505 4268 tex-iorem
560 4195 955 4271 terminum
995 4191 1135 4269 sibi
1176 4194 1541 4298 assignare
1598 4223 1739 4273 nec
1775 4194 2057 4272 dictum
2105 4188 2350 4268 Judi-·
