2875 4842
641 376 797 449 488

535 584 687 661 siae
734 579 1208 675 Zohriensis,
1258 578 1855 684 praefatus‘vero
1891 581 2265 663 Ladislaus
2294 606 2439 688 pro
2470 580 2716 661 Ioan-

532 717 671 776 ne.
727 688 1103 794 GeorgiO,
1158 705 1235 765 ct
1253 685 1634 792 Stephano
1671 687 2017 767 fratribus
2054 692 2204 768 suis
2234 716 2404 765 cum
2438 690 2719 766 Procu-

528 798 820 873 ratoriis
853 797 1148 871 Litteris
1197 794 1626 869 conuentus
1674 796 2045 875 Ecclesiae
2078 795 2158 872 S.
2194 796 2585 873 Benedicti
2626 796 2715 872 de

527 904 731 980 iuxta
770 903 980 976 Gron
1016 901 1112 975 ab
1152 924 1292 979 una
1315 956 1336 994 ,
1374 917 1584 1002 parte
1604 926 1787 977 vero
1838 928 1932 978 ex
1966 906 2190 979 altera
2232 905 2557 978 Joannes
2620 902 2713 979 de

528 1013 858 1114 Appony'
901 1006 1131 1084 modo
1161 1007 1376 1082 simili
1413 1009 1906 1112 personaliter
1948 1037 2091 1114 pro
2141 1039 2219 1086 se
2254 1036 2341 1085 ac
2390 1036 2529 1114 pro
2550 1009 2712 1084 No-

528 1114 661 1193 biti
722 1114 1271 1191 Domina-Sara
1303 1113 1962 1195 vocataconsorte
1991 1175 2014 1210 ‚
2054 1122 2215 1194 ‘nee
2253 1142 2400 1192 non
2452 1117 2710 1192 Geor-

526 1227 653 1327 gio
694 1239 771 1300 et
818 1222 1158 1297 Emerico
1205 1218 1376 1297 filiis
1420 1222 1620 1297 suiu‘s
1676 1248 1847 1301 cum
1903 1225 2431 1299 Procuratoriis
2480 1224 2711 1298 Litte-

525 1333 630 1408 ris
683 1320 1004 1433 Capituli
1053 1327 1417 1403 Ecclesiae
1462 1329 1885 1407 Nittriensis
1922 1355 2175 1431 coi-am
2234 1347 2479 1402 nostra
2536 1357 2713 1432 per·

526 1436 762 1514 sonali
820 1434 1232 1539 praesentia
1296 1436 1787 1537 personaliter
1841 1440 2216 1511 constituti
2271 1453 2440 1511 sunt
2492 1437 2710 1510 Con·-

385 1624 402 1651 x
523 1544 700 1620 fessi
737 1544 812 1615 in
857 1538 1057 1617 hunc
1096 1539 1439 1615 modum:
1498 1534 2182 1643 qualiter'praefati
2232 1543 2581 1637 Nicolaus
2636 1561 2711 1617 et

523 1648 907 1727 Ladislaus
959 1663 1393 1725 annotatum
1437 1647 1801 1724 Joannem
1839 1651 1933 1723 de
1969 1650 2302 1754 Appony
2344 1664 2420 1722 et
2469 1650 2704 1725 Nobi·

525 1756 678 1832 lem
713 1755 1100 1829 Dominam
1141 1752 1399 1829 Saram
1448 1754 1929 1848 consortem,
1986 1783 2124 1831 nec
2169 1780 2320 1829 non
2374 1756 2700 1857 Georgi·

525 1891 654 1939 um
690 1878 766 1939 et
791 1860 1213 1937 Emericum
1253 1860 1442 1937 filios
1486 1860 1818 1941 eiusdem
1870 1864 2156 1937 ratione
2201 1880 2277 1938 et
2314 1880 2697 1965 praetextu

527 1966 1021 2072 quorumdam
1081 1967 1537 2045 Litteralium
1598 1969 2271 2053 Instrumentorum
2308 2005 2419 2025 --
2458 2008 2566 2023 —
2598 2008 2696 2024 —

527 2073 905 2181 quondam
940 2074 1363 2149 Emericum
1398 2071 1796 2174 Szobonya
1825 2073 1918 2150 de
1958 2072 2309 2159 Fedemes
2336 2074 2414 2148 in
2442 2075 2697 2151 Castro

527 2191 860 2287 Appony
916 2197 1179 2258 vocato
1234 2181 1736 2284 repositorum
1801 2207 1937 2284 per
1997 2198 2329 2256 nostrum
2390 2199 2470 2257 et
2528 2180 2698 2260 dicti

528 2293 956 2389 conuentus
987 2325 1096 2345 -·
1133 2328 1238 2341 —-
1269 2325 1381 2345 --
1419 2285 1755 2363 homines
1793 2286 1883 2361 ad
1924 2288 2421 2393 praescriptas
2468 2286 2699 2363 Octa·

527 2422 654 2473 vas
685 2396 877 2471 Festi
901 2392 1502 2498 Epyphaniarum
1536 2394 1838 2473 Domini
1874 2412 2137 2472 contra
2173 2417 2250 2468 se
2292 2398 2365 2471 in
2406 2394 2693 2473 Curiam

523 2522 852 2579 nostram
910 2503 1213 2603 Regiam
1267 2517 1519 2577 nostre
1573 2499 1976 2579 Maiestatis
2030 2501 2309 2577 scilicet
2346 2527 2691 2606 persona·

503 2606 674 2709 ‚lem
705 2611 778 2683 in
819 2611 1305 2711 praesentiam
1340 2605 1644 2691 evocari
1682 2601 2020 2701 fecerint,
2076 2624 2150 2683 et
2189 2609 2389 2711 ipsos
2432 2611 2695 2684 exinde

522 2741 876 2816 agravare
923 2713 1520 2818 praetenderint3
1576 2727 1833 2791 'tamen
1897 2716 2035 2820 ipsi
2106 2741 2201 2788 ex
2272 2718 2695 2791 interuentu

473 2916 478 2919 ,
523 2848 747 2925 quam
778 2822 1295 2926 plurimorum
1361 2818 1774 2925 proborum
1822 2837 1898 2897 et
1945 2819 2326 2897 Nobilium
2365 2821 2694 2896 virorum

523 2955 665 3033 pro
700 2953 881 3034 pace
918 2928 1115 3002 inter
1139 2930 1351 3029 ipsos
1390 2926 1877 3002 laborantium
1936 2928 2131 3003 facto
2164 2929 2242 3001 in
2296 2929 2691 3031 praemisso

517 3033 771 3112 taliter
801 3033 1433 3128 concordassent,
1487 3035 1639 3111 imo
1676 3035 2209 3111 comordarunt
2254 3058 2512 3111 coram
2559 3061 2690 3110 eo-

522 3140 697 3219 dem
731 3158 978 3219 nostra
1018 3141 1389 3246 personali
1431 3145 1888 3247 praesentia:
1946 3144 2047 3217 Ut
2082 3138 2537 3245 praelibatus
2570 3140 2688 3215 Jo-

519 3274 746 3324 annes
795 3248 1314 3352 dessffippony,
1391 3249 1766 3325 universas
1818 3249 2132 3323 Litteras
2181 3264 2258 3323 et
2314 3246 2684 3351 Litteralia

516 3357 1016 3430 Instrumenta
1053 3355 1419 3431 dictorum
1476 3353 1797 3431 filiorum
1842 3351 2286 3454 Szobonya,
2342 3371 2419 3431 et
2459 3352 2683 3431 Nico·

518 3462 617 3537 lai
654 3460 749 3536 de
803 3458 1254 3563 Koroslteny
1292 3460 1410 3566 jus
1463 3461 1741 3537 scilicet
1790 3462 2273 3537 Masculinum
2316 3479 2684 3565 tangentes

520 3569 600 3643 in
632 3585 854 3662 toto‚.·
891 3572 1067 3644 item
1122 3567 1295 3645 alias
1332 3567 1645 3645 Litteras
1682 3567 1818 3647 Jus
1878 3569 2303 3642 femininum
2352 3571 2686 3644 Concer-

520 3690 816 3765 nentes,
869 3678 943 3749 in
1004 3691 1362 3777 quantum
1426 3673 1724 3750 eosdem
1776 3678 2237 3751 Coi-cernere
2298 3675 2686 3766 videbunt,

517 3780 598 3854 in
639 3777 855 3854 Festo
897 3782 1313 3858 Nativitatis
1359 3780 1440 3855 B.
1490 3781 1795 3857 Joannis
1849 3782 2207 3887 Baptistae
2266 3806 2469 3857 nunc
2516 3808 2688 3867 yen-

517 3904 688 3963 turo
740 3885 1015 3961 eisdem
1065 3878 1377 3965 Nicolao
1431 3902 1509 3962 et
1564 3886 1724 3964 filiis
1765 3886 2166 3990 Szobonya
2221 3914 2267 3961 a
2312 3886 2686 3991 praedicto

514 3989 779 4069 Castro
819 3993 1147 4097 Appony
1190 4021 1446 4071 coram
1490 3996 1949 4081 Testimonio
2000 3994 2426 4101 praeattacti
2480 3995 2686 4098 Capi·

513 4099 641 4179 tuli
674 4098 1044 4180 Ecclesiae
1081 4099 1549 4195 Nittriensis‚
1586 4101 1790 4205 quod
1823 4127 1963 4208 per
1993 4103 2232 4210 ipsum
2268 4099 2688 4209 Capitulum
