2875 4842
713 480 864 555 594

606 687 1049 767 Benedictus
1068 712 1205 792 pro
1240 685 1807 788 recuperatione
1842 704 1918 763 et
1961 690 2393 792 receptione
2430 683 2817 792 praefata·
2873 749 2875 760 .

607 821 773 875 rum
816 797 1360 900 possessionum
1399 793 1723 897 ipsarum
1776 792 2137 869 nobilium
2185 795 2704 872 Dominarum
2749 815 2816 871 et

608 902 960 980 Johannis
1014 900 1314 978 eosdem
1356 899 1983 1000 contingentium,
2039 899 2312 976 eisdem
2369 921 2702 978 centum
2750 920 2817 978 et

612 1005 1138 1114 qninquaginta
1164 1031 1449 1080 marcas
1478 1049 1571 1065 —
1604 1007 1846 1106 grauis
1869 1007 2220 1111 ponderis
2250 1013 2809 1110 exposuissent,

609 1121 710 1197 vti
764 1114 1021 1191 eedem
1063 1114 1368 1192 Nobiles
1412 1114 1727 1189 Domine
1767 1133 1845 1189 et
1894 1115 2212 1217 prefatus
2259 1117 2663 1190 Johannes
2714 1141 2810 1191 as-

609 1222 995 1316 serebant,
1052 1221 1419 1296 dedissent
1477 1239 1552 1296 et
1609 1223 2132 1320 assignassent,
2206 1223 2280 1295 in
2332 1248 2568 1299 veros
2628 1223 2811 1299 filios

609 1358 701 1408 ac
743 1332 1003 1406 fratres
1055 1325 1672 1401 condiuisionales
1717 1329 2172 1431 recepissent
2219 1346 2297 1403 et
2349 1331 2810 1435 assumpsis-

608 1456 810 1533 sent,
885 1459 1063 1538 ymo
1117 1451 1566 1536 receperunt
1623 1450 1699 1508 et
1752 1453 2343 1537 assumpserunt,
2428 1461 2585 1510 nee
2663 1464 2807 1512 non

609 1589 713 1601 —-
770 1583 873 1597 -
926 1579 1035 1597 ·--
1087 1539 1299 1614 aliam
1354 1579 1464 1594 —--·
1517 1580 1624 1593 ——-
1681 1567 1818 1641 per
1863 1542 2194 1640 vigorem
2252 1544 2324 1616 in
2375 1542 2805 1618 dominium

607 1647 1029 1728 earumdem
1064 1645 1605 1750 possessionum
1658 1683 1764 1700 —-
1816 1688 1927 1706 -
1981 1665 2227 1723 nostra
2280 1649 2355 1722 in
2402 1653 2803 1753 presencia

494 1759 503 1768 '
607 1798 868 1816 ---—
927 1792 1028 1809 —-
1084 1752 1611 1827 nichilominus
1666 1767 1911 1854 partes
1967 1752 2322 1849 antelate,
2413 1774 2497 1832 vt
2561 1760 2798 1862 siquis

608 1892 698 1942 ex
743 1863 845 1937 eis
884 1862 1201 1962 aliquam
1242 1862 1777 1963 possessionem
1821 1863 2176 1963 temporis
2228 1897 2337 1913 -
2387 1898 2498 1919 -
2559 1891 2799 1941 euen-

602 1991 681 2049 tu
731 1971 1114 2073 aquirere,
1170 1966 1555 2051 inuenire.
1613 1983 1688 2040 et:
1730 1967 2126 2068 impetrare
2174 1984 2465 2069 posset,
2543 1988 2631 2045 et
2697 2011 2794 2027 -

599 2116 702 2134 -—-
746 2115 850 2132 -—-
888 2072 1043 2149 aliis
1074 2068 1427 2173 predictis
1467 2073 1827 2175 equaliter
1863 2073 2307 2178 participare
2331 2091 2408 2150 et
2444 2074 2792 2155 diuidere

598 2182 949 2274 deberet,
1006 2195 1234 2279 atque
1286 2191 1672 2273 teneatur,
1743 2204 1882 2255 nec
1937 2178 2084 2254 hoe
2152 2183 2640 2283 pretermisso
2693 2217 2793 2242 ..-

596 2303 706 2351 ·'—-
756 2332 864 2350 --
919 2313 1010 2363 ex
1070 2283 1213 2360 hoc
1276 2285 1575 2378 secum,
1632 2286 1839 2362 cuius
1892 2323 2002 2344 —-
2055 2323 2167 2348 --
2214 2331 2324 2348 —-
2376 2289 2639 2368 omnia
2693 2332 2788 2349 -

597 2438 701 2455 —-
754 2433 865 2454 -
916 2391 1077 2471 talis
1141 2394 1372 2497 partis
1434 2392 1684 2494 portio
1751 2394 2320 2497 possessionaria
2382 2398 2457 2472 in
2513 2435 2638 2458 —
2689 2437 2785 2455 ·--

568 2523 705 2564 ⁸...-
755 2541 865 2559 -
920 2519 997 2578 et
1051 2541 1156 2553 —
1235 2541 1344 2558 -—
1412 2500 1723 2573 deuolui
1786 2514 1864 2574 et
1939 2499 2362 2578 redundare
2425 2502 2780 2596 deberet,

593 2637 687 2688 eo
751 2609 1000 2698 sacto,
1087 2606 1349 2714 vigore
1402 2606 1859 2710 presentium
1927 2608 2302 2682 literarum
2355 2628 2780 2689 nostrarum

600 2713 1169 2823 priuilegialium
1212 2712 1597 2816 pendentis
1638 2711 1853 2813 sigilli
1912 2714 2147 2788 n'ostri
2197 2716 2614 2792 munimine
2643 2747 2779 2798 ,ro-

596 2827 1083 2912 boratarum3
1155 2818 1560 2922 medioque
1611 2818 2005 2920 alphabeto
2062 2857 2164 2875 -·
2221 2862 2326 2875 —-
2383 2823 2660 2897 Datum
2713 2829 2776 2899 ia

604 2930 988 3002 Dominica
1051 2926 1267 3000 oculi.
1340 2928 1560 3000 Anno
1608 2926 1906 2999 Domini
1960 2924 2358 3003 Millesimo
2416 2928 2774 3032 quadrin-

602 3038 1008 3138 gentesimo
1060 3032 1347 3106 decimo
1384 3035 1724 3134 septimo·
1769 3032 2209 3114 Honorabili
2247 3038 2412 3110 viro
2459 3039 2772 3113 Domino

604 3139 864 3245 Egidio
922 3140 1351 3239 preposito,
1423 3139 1601 3212 viris
1654 3140 1988 3215 discretis
2057 3135 2419 3244 Magistris
2471 3145 2772 3220 Nicolao

610 3252 972 3341 cantore,
1029 3242 1414 3346 Stephano
1459 3243 1830 3338 Custode,
1884 3237 2219 3322 Joha'nne
2281 3248 2375 3324 de
2429 3250 2771 3352 Kysozko

618 3356 955 3439 Decano,
1034 3354 1453 3454 ceterisque
1505 3351 1896 3428 Canonicis
1950 3355 2271 3430 Ecclesie
2325 3373 2584 3434 nostre
2629 3359 2774 3434 exi·

610 3461 984 3538 stentibus.

698 3587 749 3647 B
779 3584 1241 3646 confirmatoriis
1283 3582 1481 3660 Regis
1514 3581 1893 3659 sigismundi
1921 3588 1988 3645 vt
2017 3586 2179 3646 int'ra
2215 3602 2371 3647 enno
2403 3591 2596 3651 1425.

1491 3746 1929 3823 CCLXXX.

618 3890 929 3947 Comitatus
963 3886 1308 3942 Chr-feienis
1344 3888 1746 3960 inquisitor-ias
1771 3888 1905 3944 edit.
1942 3888 2009 3946 A.
2053 3885 2209 3948 1417.

808 4008 963 4085 Nos
998 4007 1254 4082 Petrus
1291 4002 1382 4080 de
1415 4005 1700 4107 Fyzesd
1722 4006 1906 4082 Vice
1943 4007 2185 4084 Banus
2214 4025 2291 4083 et
2323 4011 2602 4088 Comes
2640 4013 2778 4089 Cri-

620 4118 870 4194 siensis
907 4140 993 4190 ac
1025 4112 1069 4185 J
1077 4113 1328 4189 udices
1362 4111 1727 4189 nobilium
1765 4114 2098 4191 eiusdem
2143 4114 2594 4214 Comitatus,
2649 4143 2781 4196 me·

624 4226 858 4298 morie
895 4220 1533 4298 commendamus:
1592 4219 1797 4320 quod
1851 4246 2022 4297 cum
2071 4247 2206 4300 nos
2262 4222 2354 4300 ad
2408 4228 2781 4310 instantem
