2875 4842
676 458 774 525 72

562 658 930 757 berabat,
985 655 1375 743 turbarum
1423 657 1968 760 frequentium,
2025 684 2219 761 quae
2263 652 2604 734 vastitate
2634 680 2735 731 re-

562 770 731 872 gni,
787 769 1146 844 incendiis
1170 822 1191 861 ,
1225 765 1746 868 sanguinisque
1783 769 2085 841 innocui
2119 764 2562 867 profusione
2599 757 2740 838 fue·

561 892 732 952 rant
774 871 1359 979 componendae,
1401 900 1444 945 a
1479 872 1733 947 naeuis
1766 875 1871 947 rei
1917 873 2252 948 militaris
2274 871 2734 972 Hungaricae

563 998 982 1086 repetamus
1018 979 1234 1056 vnice
1261 978 1323 1078 ³)
1358 976 1454 1077 1).
1481 977 1719 1084 Culpa
1746 1005 1900 1054 non
1933 978 2296 1054 vacabant
2320 979 2532 1055 omni
2553 1000 2742 1081 reges

756 1226 1015 1286 quonam
1068 1208 1242 1270 modo
1290 1210 1527 1269 obuiam
1578 1208 2000 1287 praesentibus
2046 1207 2350 1289 periculis
2415 1207 2631 1265 iretur.
2661 1229 2737 1245 -

751 1312 965 1387 Itaque
999 1352 1085 1369 -
1117 1314 1354 1390 Regem
1383 1317 1676 1372 armatum
1698 1352 1719 1384 ‚
1764 1310 1836 1371 de
1880 1325 2048 1373 more
2078 1309 2447 1385 Hungarico
2471 1347 2493 1381 ‚
2538 1317 2735 1378 equum

755 1417 1128 1491 ascendere,
1174 1417 1587 1494 delectumque
1618 1419 1873 1477 militum
1903 1417 2128 1476 habere
2172 1413 2558 1487 decernunt,
2601 1409 2736 1470 mis-

759 1536 830 1583 so
862 1523 1036 1596 prius
1065 1521 1346 1600 Romam,
1393 1518 1469 1580 ad
1509 1519 1868 1582 Pontificem
1904 1517 2173 1579 Leonem
2215 1517 2563 1595 decimum,
2605 1530 2735 1574 ora-

756 1626 926 1697 tore,
976 1625 1078 1701 qui
1131 1628 1192 1685 et
1245 1626 1586 1702 periculum
1632 1625 1809 1701 regni
1856 1624 2201 1699 Hungariel
2270 1606 2614 1694 indicaret,
2682 1622 2735 1677 et

754 1733 1074 1812 pecuniam
1132 1728 1207 1790 ad
1259 1730 1709 1791 conducendum
1769 1733 2020 1795 militem
2065 1733 2155 1791 ,ab
2218 1748 2295 1792 eo
2356 1730 2617 1810 peteret.
2663 1749 2734 1768 -

755 1834 1125 1912 numquam
1174 1835 1515 1914 Hungaris,
1561 1826 1872 1912 insperata
1911 1851 1981 1895 re
2024 1837 2378 1912 perculsiS,
2425 1832 2732 1894 consilium

755 1935 954 2010 magis
988 1939 1047 1994 et
1081 1937 1349 1996 ebaritas
1381 1939 1444 1995 in
1475 1951 1846 1995 communem
1874 1937 2146 2014 patriam,
2190 1939 2497 2015 regiaque
2532 1934 2727 1993 aucto·

758 2035 913 2095 ritas
929 2082 950 2114 ,
997 2052 1113 2111 qua
1145 2036 1288 2097 Rex
1309 2078 1329 2111 ,
1387 2053 1541 2113 quae
1585 2038 1647 2095 in
1695 2053 1824 2097 rem
1866 2040 2113 2117 essent,
2160 2039 2534 2115 imperaret,
2578 2043 2733 2109 qum

761 2144 870 2204 aut
912 2145 1173 2223 pecunia
1222 2147 1325 2204 aut
1371 2125 1549 2205 miles
1588 2143 1813 2205 decrat.
1888 2149 2126 2223 Quippe
2179 2132 2444 2223 regnum
2485 2143 2727 2217 Hungu-

760 2248 935 2329 πίθος
965 2251 1146 2325 viris,
1181 2252 1377 2329 equis,
1416 2252 1632 2326 armis,
1676 2248 2027 2331 auro‘atque
2065 2256 2353 2331 argento,
2390 2251 2546 2310 nulli
2579 2244 2730 2307 chri-

755 2356 1098 2421 stianorum
1134 2373 1328 2435 regno
1370 2355 1701 2421 secundum
1728 2403 1750 2438 ,
1813 2361 1967 2423 satis
2001 2374 2113 2436 per
2152 2375 2223 2418 se
2268 2356 2347 2418 ad
2396 2358 2496 2418 sui
2529 2354 2726 2417 defen-

759 2463 993 2524 sionem
1038 2463 1307 2523 fumrum
1344 2465 1488 2525 tunc
1529 2464 1787 2540 fuisset,
1831 2466 2205 2543 priuatisque
2254 2467 2477 2546 opibus
2504 2461 2729 2542 publiea

760 2585 866 2634 res
897 2575 1153 2649 egregie
1186 2570 1596 2633 administrari
1616 2550 1970 2653 potuisset,
2034 2577 2090 2636 si
2129 2576 2294 2650 regii
2338 2573 2581 2653 imperii
2617 2582 2727 2628 ve·

759 2676 1112 2739 recundiam
1147 2678 1454 2741 Nobilitas
1505 2680 1853 2748 habuisset,
1898 2683 1960 2739 et
1991 2696 2103 2755 pro
2140 2697 2208 2741 se
2240 2681 2538 2756 quisque,
2579 2669 2725 2748 Regi

769 2796 843 2839 ac
875 2785 1104 2858 patriae
1135 2781 1212 2840 ad
1247 2785 1482 2864 tempus
1510 2784 1923 2861 commodare,
1967 2786 2030 2843 in
2070 2786 2330 2845 animum
2355 2778 2726 2853 induxisset?

764 2885 1073 2959 recepturi
1118 2900 1295 2960 mox,
1339 2901 1476 2949 cum
1515 2889 1777 2965 pecunia
1819 2889 1880 2947 in
1926 2888 2164 2947 aerario
2216 2890 2424 2961 esset,
2470 2895 2618 2958 quae
2668 2878 2722 2937 in

765 3001 1130 3047 communem
1161 2990 1416 3049 salutem
1456 2988 1923 3050 contulissent.“
1967 2987 2118 3050 Ibid.
2159 2988 2214 3063 ς.
2250 2990 2328 3053 V.

494 3084 503 3095 '
568 3146 573 3151 ,
662 3080 724 3167 1)
767 3088 1468 3170 ,,Οιιιιιί·θ1)ιιε,[)ιι1)1ἰοίε
1505 3094 1655 3154 nihil
1688 3095 1770 3154 sit
1785 3096 2073 3156 intestina
2104 3092 2412 3155 discordia
2429 3086 2723 3172 pernicio-

768 3182 935 3267 sius,
981 3208 1095 3253 nec
1138 3195 1267 3254 vlla
1318 3196 1439 3253 alia
1491 3197 1723 3271 pestis,
1767 3197 1842 3257 ad
1877 3212 2100 3274 magna
2137 3210 2445 3273 quaequae
2492 3182 2726 3270 imperia

767 3292 1134 3366 euertenda,
1178 3295 1288 3352 illa
1331 3294 1592 3357 validior
1638 3299 1834 3375 magis
1859 3315 1890 3371 ;·
1927 3299 2076 3359 vtile
2122 3313 2197 3356 ae
2247 3298 2612 3375 frugiferum
2639 3295 2726 3350 le·
2827 3298 2828 3307 ’

764 3398 1050 3473 gentibus
1094 3398 1225 3455 fore
1261 3394 1450 3470 duxi,
1500 3399 1556 3459 si
1588 3401 2097 3474 perturbationem
2135 3401 2312 3476 regni
2350 3395 2723 3475 nungariae,
2801 3428 2806 3433 -

768 3501 1024 3561 internis
1073 3500 1479 3571 simultatibus
1548 3508 1863 3580 exortam,
1941 3505 2240 3578 separatis
2292 3504 2425 3565 fere
2483 3492 2724 3561 volumi-

771 3603 986 3677 nibus,
1049 3620 1159 3680 quo
1221 3619 1322 3664 res
1380 3604 1534 3683 ipsa*
1568 3609 1736 3676 esset
1789 3608 2209 3683 conspectior,
2269 3604 2723 3681 perscriberem.

764 3708 1035 3784 Dignum
1072 3711 1230 3768 enim
1275 3696 1594 3784 memoria,
1642 3716 1815 3787 atque
1852 3712 2106 3771 humano
2147 3696 2501 3770 documento
2540 3702 2598 3765 id
2636 3698 2724 3759 vi·

766 3828 899 3871 sum
943 3813 1069 3870 est:
1118 3828 1200 3871 ex
1240 3829 1352 3891 quo
1387 3817 1740 3889 appareret,
1786 3829 1980 3890 regna
2023 3831 2137 3872 non
2168 3814 2366 3889 magis
2414 3811 2593 3868 armis
2621 3816 2723 3880 ps-

767 3922 932 3993 rarl,
980 3923 1158 3993 atque
1206 3923 1456 3995 augeri,
1521 3938 1692 3994 quam
1745 3922 1915 3979 ciuili
1972 3919 2300 3979 concordia
2347 3906 2723 3977 conseruari,

768 4042 841 4087 ac
875 4028 1032 4085 omni
1070 4044 1287 4104 magno
1340 4029 1591 4102 imperio
1634 4031 1819 4091 multo
1857 4030 2054 4105 inagis
2092 4027 2455 4088 domesticas
2490 4015 2721 4083 seditio-

767 4145 916 4202 nes,
962 4146 1137 4209 quam
1173 4132 1429 4215 esterna
1475 4145 1639 4189 arma
1673 4128 1967 4192 timendas
2016 4146 2174 4209 esse.
2260 4127 2420 4189 Nam
2463 4120 2721 4202 quantum

768 4234 1037 4316 propriis
1077 4233 1314 4294 viribus
1346 4230 1644 4295 aduersus
1676 4222 2002 4293 externam
2023 4234 2146 4292 vim
2179 4235 2345 4335 tutus
2385 4241 2527 4293 esse
2562 4214 2718 4281 ΰὶᾶθ·
