2875 4842
712 450 862 524 562

596 655 789 750 lico,
846 653 1183 732 Emerico
1226 651 1380 731 mio
1428 652 1699 731 Mathei
1758 657 2322 755 (enumerantur
2358 651 2452 728 ad
2499 651 2754 758 viginti)

599 782 678 840 et
724 761 879 866 alys
930 759 1442 863 compluribus
1490 762 1783 866 populis
1835 759 2060 862 ipsius
2099 760 2456 836 Johannis
2492 786 2583 835 ex
2620 784 2752 862 spe·

554 885 561 892 '
596 870 763 951 ciali
797 868 1144 947 mandato
1184 864 1515 958 ‚eiusdem
1547 868 1851 945 Domini
1892 871 1916 941 i
1972 892 2267 961 sorum,
2321 868 2440 943 die
2476 865 2755 944 domini·

599 994 693 1054 eo
730 978 1077 1081 proxime
1128 993 1296 1050 ante
1338 968 1606 1050 festum
1649 970 1861 1050 Beati
1916 895 2314 1074 Kflyehaelis
2360 972 2751 1076 Archange-

595 1083 699 1179 li,
775 1107 976 1157 nunc
1039 1080 1515 1186 preteritum.
1589 1079 1684 1154 ad
1742 1080 2135 1184 quamdam
2205 1082 2500 1156 vineam
2553 1082 2751 1185 ipsius

592 1188 947 1266 Johannis
976 1182 1069 1263 de
1109 1185 1514 1290 Ludbregh
1544 1241 1567 1278 ,
1622 1191 1693 1262 in
1734 1188 2113 1263 territorio
2152 1187 2349 1264 dicte
2393 1186 2750 1289 possessio·

595 1298 710 1369 nis
761 1287 1126 1385 habitam,
1221 1295 1627 1385 irruentes,
1696 1288 2032 1369 homines
2105 1312 2182 1370 et
2252 1292 2745 1396 Jobagyones‚

591 1395 833 1504 ipsam
879 1404 1171 1475 vineam
1221 1399 1693 1503 colligentes,
1753 1400 2165 1476 enormiter
2215 1401 2633 1491 verberari,
2678 1420 2748 1472 ac

593 1511 764 1586 vina
804 1506 1000 1582 dicte
1042 1509 1297 1596 vinee,
1351 1531 1494 1580 nec
1539 1532 1684 1582 non
1729 1503 1944 1588 dolen
1994 1523 2069 1581 et
2119 1507 2256 1582 alia
2294 1506 2748 1582 instrumenta

594 1608 784 1711 inibi
832 1611 1246 1689 necessaria
1282 1629 1359 1690 et
1396 1612 1838 1703 existencia,
1891 1611 2129 1716 recipi
2162 1631 2239 1690 et
2273 1615 2630 1718 asportari
2660 1611 2746 1687 fe·

588 1723 904 1811 cissent,
958 1720 1300 1823 potencia
1358 1716 1769 1808 mediante,
1825 1719 1900 1792 in
1951 1717 2360 1825 dampnum
2404 1737 2482 1795 et
2521 1720 2742 1825 prein-

596 1824 873 1904 dicium
925 1826 1149 1929 ipsius
1185 1821 1542 1901 Johannis
1580 1823 1676 1899 de
1723 1821 2127 1929 Ludbregh
2174 1827 2390 1905 vaide
2430 1849 2741 1932 magnum

603 1959 756 2036 que
817 1930 924 2005 sic
993 1931 1184 2006 facta
1241 1929 1404 2006 fore
1459 1930 1715 2005 asserit
1765 1957 1845 2007 se
1899 1930 2101 2006 idem
2168 1931 2545 2010 Johannes
2611 1956 2737 2007 cer·

598 2044 689 2115 tis
750 2036 1013 2112 litteris
1062 2033 1751 2140 inquisicionaisbus
1787 2061 2004 2140 posse
2059 2036 2578 2144 comprobare.
2628 2035 2737 2111 Su·

597 2171 739 2252 per
774 2166 930 2248 quo
962 2139 1290 2220 fidelitati
1331 2160 1577 2219 vestre
1614 2139 1927 2219 firmiter
1964 2144 2454 2251 precipiendo
2482 2142 2736 2222 manda·
2843 2147 2844 2160 ’

596 2274 769 2330 mus
828 2266 1191 2353 quatenus
1232 2265 1559 2325 vestrum
1601 2251 1903 2328 mittatis
1946 2249 2326 2329 hominem
2377 2281 2519 2357 pro
2569 2250 2736 2327 testi·

597 2358 856 2436 monio
908 2349 1561 2459 fidedignum‘quo
1614 2374 1956 2460 presente
2013 2356 2277 2436 Petrus
2314 2359 2413 2436 de
2456 2357 2733 2443 marea,

601 2466 722 2542 vel
773 2463 1035 2540 Paulus
1086 2480 1210 2537 aut
1262 2460 1654 2554 Nicolaus,
1708 2463 1823 2538 sin
1861 2459 2271 2570 Stephanus
2324 2465 2422 2541 de
2465 2464 2732 2553 Eadem,

603 2599 730 2650 seu
775 2567 1100 2646 Jacobus
1128 2566 1317 2646 filius
1358 2567 1553 2644 Petri
1586 2566 1690 2670 de*
1717 2567 2159 2664 Orbanocz,
2211 2598 2342 2648 seu
2385 2565 2732 2649 Lam-enci·

603 2706 689 2756 us
747 2674 934 2750 filius
989 2673 1230 2770 Petri,
1284 2700 1478 2750 neue
1540 2672 1891 2754 Nicotaus
1939 2673 2032 2752 de
2076 2676 2378 2774 eadem,
2437 2682 2585 2780 alys
2628 2673 2733 2750 ab·

605 2783 937 2860 sentibus
994 2778 1223 2857 homo
1270 2798 1575 2869 noster,
1631 2802 1897 2860 euocet
1949 2782 2318 2882 prefatum
2375 2783 2736 2865 Johannem

605 2889 831 2965 filium
895 2885 1211 2964 condam
1269 2885 1603 2992 Nicolai,
1677 2888 1773 2965 de
1843 2887 2466 2992 Felsewlyndwa‚
2517 2904 2732 2967 contr·

605 3009 1036 3072 annotatum
1084 2992 1541 3086 Johannem‚
1595 2993 1831 3072 filium
1871 2996 2152 3071 Nicolai
2195 2996 2286 3073 de
2331 2992 2732 3095 Ludbregh‚

466 3103 471 3108 ’
609 3105 687 3177 in
721 3102 1168 3206 presenciam
1206 3104 1411 3202 regni
1451 3102 1685 3186 nostri
1728 3101 2082 3178 Slauonie
2131 3103 2351 3191 Bani,
2409 3111 2481 3181 in
2525 3102 2728 3179 sedem

611 3204 1175 3300 Crisiensem,ad
1203 3206 1596 3282 terminum
1622 3225 2193 3314 competentem,
2215 3213 2576 3288 racionem
2605 3228 2727 3312 pre·

614 3318 995 3392 missorum
1034 3309 1539 3404 redditurum,
1597 3316 1739 3392 litis
1777 3314 2222 3419 pendencia.
2277 3322 2336 3393 si
2391 3345 2536 3421 qua
2576 3316 2726 3391 foret

614 3424 802 3496 inter
844 3419 1086 3524 ipsos,
1142 3441 1293 3494 non
1331 3417 1712 3515 obstante,
1774 3420 2098 3523 prefatos
2129 3423 2515 3502 familiares
2552 3420 2725 3526 ipsius

617 3526 1327 3632 impossessionatos,
1364 3542 1437 3601 et
1472 3525 1925 3631 iobagyones
1962 3528 2203 3605 eidem
2233 3549 2547 3608 statuere
2571 3547 2724 3603 com-

616 3633 997 3709 mittendo.
1080 3630 1173 3710 Et
1217 3651 1383 3737 post
1432 3630 1569 3710 hec
1611 3639 1967 3738 premisse
2014 3640 2479 3713 euocacionis
2509 3635 2723 3712 seriem

590 3764 791 3814 scum
843 3736 1260 3814 nominibus
1305 3741 1636 3834 euocati,
1690 3760 1764 3819 et
1823 3759 2143 3819 statuere
2181 3746 2725 3825 commissorum,

622 3842 860 3922 eidem
918 3846 1159 3946 Regni
1207 3846 1445 3926 nostri
1497 3845 1895 3926 Sclauonie
1956 3847 2205 3944 Bam,
2273 3878 2476 3927 more
2509 3837 2723 3926 solito·
2839 3909 2840 3918 κ

622 3949 1060 4028 rescribatis.
1152 3953 1530 4030 presentes
1579 3971 1826 4031 autem
1878 3954 2115 4060 sigilio
2171 3973 2427 4034 nostro
2479 3946 2723 4033 maiori»

622 4086 779 4163 quo
816 4076 896 4135 vt
952 4062 1109 4137 Rex
1167 4054 1547 4162 Hungarie
1611 4062 1927 4156 vfimur,
1981 4061 2294 4140 fecimus
2345 4051 2719 4165 consignari·
2839 4135 2840 4150 ξ

622 4168 889 4241 Datum
955 4167 1031 4242 in
1089 4162 1557 4288 (Jhaktornya
1610 4163 1731 4245 die
1802 4167 2173 4248 dominica
2226 4169 2545 4276 proxima
2593 4171 2722 4269 poet
2839 4161 2840 4166 ¹
