2875 4842
1928 517 1969 548 ¹'
2020 513 2173 595 339

114 743 203 799 ex
236 719 468 796 altera
507 713 697 794 facte
722 773 746 812 ‚
810 714 1342 807 continentias,
1399 713 1723 818 legitime
1762 717 1985 802 vellet
2024 725 2282 805 introi.

113 855 230 921 re,
284 829 348 902 si
404 824 893 902 contradictio
945 826 1350 926 cuiuspiam
1400 824 1544 898 sibi
1592 851 1745 900 non
1809 829 2152 910 obuiaret
2205 838 2279 910 in

116 934 242 1010 bac
280 949 541 1040 parte,
595 933 848 1036 Super
894 955 1051 1031 quo
1087 928 1417 1009 fidelitati
1460 929 1737 1006 vestre·
1766 929 2077 1015 firmiter
2119 950 2284 1044 pre.

117 1040 457 1146 cipiendo
494 1038 920 1113 mandamus
958 1055 1321 1141 quatenus
1357 1051 1681 1130 vestrum
1720 1041 2021 1121 mittatis
2040 1044 2286 1123 bomi-

119 1175 278 1225 nem
328 1173 472 1247 pro
537 1137 958 1220 testimonio
1013 1142 1157 1219 fide
1216 1140 1519 1244 dignum
1560 1170 1713 1247 quo
1755 1168 2103 1250 presente
2151 1155 2285 1229 Pe-

124 1274 264 1331 trus
296 1252 489 1329 filius
529 1252 626 1328 de
664 1248 1027 1327 Wolchan
1063 1248 1163 1346 (2)
1198 1250 1320 1325 vel
1348 1245 1762 1352 Stephanus
1793 1249 1978 1331 filius
2009 1259 2080 1333 M
2087 1259 2286 1361 ycbk

120 1360 206 1436 de
249 1359 722 1462 Fegvernek,
774 1385 865 1431 an
913 1352 1286 1460 Jobannes
1340 1351 1557 1430 filius·
1588 1354 1799 1435 Abor
1846 1359 1938 1437 de
1993 1366 2286 1470 Gereg‚

123 1485 241 1543 sut
291 1463 664 1565 Georgius
715 1462 811 1540 de
857 1463 1176 1566 Eadem,
1229 1460 1386 1536 aliis
1436 1460 1858 1541 absentibus
1893 1466 2118 1546 homo
2162 1500 2291 1549 no·

125 1591 263 1650 ster
307 1572 401 1647 ad
460 1571 684 1647 facies
752 1569 1297 1676 praedictarum
1370 1570 1905 1671 possessionum
1976 1575 2290 1653 condam

126 1680 512 1771 Johannis,
569 1676 697 1779 fily
737 1678 1077 1765 Andree,
1132 1674 1390 1751 vicinis
1431 1693 1509 1751 et·
1552 1683 2070 1758 commetaneis
2105 1684 2292 1761 inibi

128 1786 443 1890 legitime
479 1784 912 1861 conuocatis
946 1800 1024 1858 et
1063 1777 1534 1887 presentibus
1575 1784 2002 1863 accedendo
2051 1792 2297 1868 Intro·

129 1892 338 1969 ducat
375 1890 745 1997 prefatum
805 1881 1231 1990 Magistrum
1284 1885 1699 1964 Ladislaum
1752 1893 1829 1965 in
1879 1891 2295 1973 dominium

132 1999 590 2091 earumdem,
628 2075 634 2087 ,
676 2013 1093 2097 statuatque
1158 1993 1452 2071 easdem
1508 1995 1882 2099 prelibato
1941 2006 2295 2106 magistro

133 2104 468 2181 Ladislao
518 2102 701 2179 Jure
759 2101 895 2180 tibi
952 2100 1417 2178 incumbenti
1493 2120 1859 2207 perpetuo
1914 2109 2298 2210 possiden·

137 2212 287 2286 dam
323 2213 386 2286 si
424 2235 583 2285 non
630 2208 855 2285 fuerit
892 2206 1432 2284 contradictum
1456 2259 1480 2300 ‚
1535 2211 2127 2291 contradictores
2179 2241 2299 2291 ve·

138 2343 217 2395 ro
260 2317 321 2393 si
362 2316 504 2421 qui
546 2313 824 2391 fuerint
875 2316 1049 2390 citet
1086 2318 1282 2419 ipsos
1322 2332 1585 2390 contra
1633 2318 2037 2418 sepefatum
2082 2324 2302 2423 magi·

61 2479 66 2482 Δ
141 2441 354 2500 strum
415 2421 835 2498 Ladislaum
890 2421 964 2494 in
1022 2439 1346 2496 nostram
1396 2421 1861 2524 presenciam
1909 2424 2001 2499 ad
2056 2428 2305 2503 termi-

143 2558 301 2604 num
339 2544 943 2633 competentem,
1002 2528 1365 2601 rationem
1397 2525 2000 2606 contradictionis
2036 2557 2307 2610 eorum

146 2634 555 2711 reddituros
594 2638 979 2711 efficacem.
1071 2635 1164 2708 Et
1211 2651 1380 2738 post
1413 2630 1594 2707 haec
1634 2635 1857 2737 ipsius
1892 2640 2303 2717 statutionis

146 2746 388 2818 seriem
423 2767 599 2817 cum
631 2739 1055 2817 nominibus
1097 2737 1718 2817 contradictorum
1764 2760 1838 2815 et
1885 2743 2302 2843 citatorum,

150 2849 204 2923 si
248 2850 375 2951 qui
429 2848 748 2943 fuerint,
804 2849 1276 2950 terminoque
1317 2849 1676 2947 assignato
1719 2849 1932 2926 nobis
1984 2849 2303 2930 fideliter

147 2955 580 3031 rescribatis.
675 2956 941 3028 Datum
982 2952 1191 3026 Bude
1232 2951 1414 3027 feria
1459 2969 1717 3053 quarta
1752 2959 2093 3058 proxima
2133 2973 2304 3063 post

150 3061 424 3137 Festum
486 3059 873 3136 beatorum
923 3058 1146 3133 Peter
1182 3074 1256 3133 et
1294 3060 1499 3134 Pauli
1539 3063 2067 3163 apostolorum.
2143 3064 2307 3139 An-

154 3192 240 3241 no
278 3167 579 3244 Domini
616 3168 857 3242 M-mo
893 3162 1234 3239 CCC-mo
1273 3169 1752 3270 nonagesimo
1791 3171 2057 3272 primo.
2143 3169 2302 3248 Nos

155 3271 360 3375 igitur
402 3272 761 3372 mandatis
812 3274 1065 3348 vestris
1115 3268 1489 3348 humiliter
1536 3271 2009 3367 obedientes,
2067 3290 2148 3366 vt
2198 3293 2304 3350 te·

157 3403 455 3477 namur,
511 3406 653 3453 vna
700 3404 866 3455 cum
924 3373 1260 3481 praefato
1304 3376 1721 3483 Stephano,
1778 3377 1926 3453 filio
1976 3380 2055 3454 M
2058 3377 2302 3481 ychk,

160 3479 436 3564 bomine
500 3504 746 3562 vestro
789 3485 1124 3587 superius
1183 3509 1579 3590 expresso,
1633 3510 1863 3558 vnum
1903 3510 1996 3559 ex
2043 3483 2304 3594 nobis,

161 3591 484 3670 videlicet
524 3590 1030 3668 honorabilem
1086 3592 1326 3665 virum
1391 3591 1794 3665 Dominum
1848 3591 2303 3696 Gregorium

49 3739 52 3752 ι
163 3696 756 3774 Archidiaconum
801 3694 1327 3787 huntbensem,
1381 3696 1671 3773 socium
1713 3711 1789 3770 et
1843 3704 2308 3773 concanoni-

165 3823 312 3878 cum
351 3822 725 3897 nostrum,
777 3804 867 3878 ad
911 3829 1034 3898 ea,
1091 3827 1283 3907 quae
1324 3804 1402 3877 in
1445 3800 1720 3876 eisdem
1766 3802 1995 3880 literis
2044 3805 2309 3880 vestris

167 3914 481 4010 superius
514 3912 872 4012 expressis
904 3910 1376 3986 continentur
1406 3908 1817 4012 peragenda
1837 3963 1861 4001 ‚
1908 3935 2051 4014 pro
2102 3909 2313 3985 testi·

169 4017 399 4092 monio
441 4016 790 4122 duximus·
822 4012 1483 4091 transmittendum.
1558 4012 1892 4108 Tan-dem
1943 4013 2173 4115 ydem
2219 4008 2307 4083 ad

174 4140 289 4191 nos
347 4124 614 4197 exinde
696 4123 972 4198 reuersi
1043 4120 1265 4198 nobis
1326 4117 1799 4198 concorditer
1850 4119 2319 4216 retulerunt:

182 4223 364 4320 quod
393 4229 525 4331 ipsi
560 4228 738 4306 feria
776 4245 978 4304 sexta
1015 4228 1346 4332 proxima
1384 4244 1554 4333 post
1594 4227 1864 4302 festum
1904 4223 2148 4364 gancti
2182 4219 2321 4292 Ja-
