2875 4842
713 477 865 567 15'4

596 689 891 802 phano,
943 688 1097 768 filio
1131 683 1462 784 Nicolai‘,
1515 673 1861 767 duximus
1891 688 2495 777 concedendum.
2548 718 2771 772 com·-

598 803 807 880 muni
840 798 1113 875 iustitia
1145 794 1537 873 obseruata
1579 799 1653 871 in
1692 796 1829 873 hac
1879 817 2109 902 parte.
2179 799 2453 874 Datum
2486 798 2569 873 in
2610 800 2772 875 Vis-

597 907 859 1008 segrad
899 906 1274 982 tricesimo
1331 902 1455 979 die
1504 904 1862 980 dictarum
1908 923 2342 981 octauarum
2390 907 2558 982 festi
2587 903 2772 1007 Epi-

595 1011 1028 1118 phaniarum
1070 1010 1405 1087 Domini.-
1446 1012 1669 1086 Anno
1711 1008 2036 1114 eiusdem
2065 1009 2771 1089 MCCCLXXXIV.

593 1120 682 1197 L.
722 1118 800 1196 S.
839 1117 1253 1225 pendentis.
2371 1145 2377 1154 ·

677 1240 1153 1304 Communlcmit
1183 1239 1368 1304 Alex.
1413 1199 1848 1314 Gyurtkovioe.
1924 1334 1928 1337 .

1501 1415 1858 1492 XXXIII.

591 1558 743 1615 Idem
766 1558 1075 1616 Palatinus
1111 1560 1278 1613 iuxta
1304 1559 1638 1639 rescriptum
1668 1560 1927 1631 Capituli
1960 1560 2255 1633 Agr-iamin
2289 1561 2641 1617 diuisionem
2664 1575 2771 1618 em
2851 1593 2852 1596 =

784 1669 884 1705 rao
925 1643 1176 1705 szdroc'
1223 1651 1288 1703 ds
1318 1652 1689 1706 Kic-Hamva
1708 1652 1976 1723 panibus
2013 1654 2322 1707 adiudicat.
2361 1653 2429 1708 A.
2465 1653 2636 1711 1384.

783 1761 1179 1866 Ma'gnifico
1221 1761 1406 1837 Viro
1438 1763 1760 1841 Domino
1799 1762 2111 1840 Nicoiao
2145 1762 2242 1841 de
2272 1765 2511 1858 Gara,
2566 1753 2764 1867 regni

592 1870 1017 1972 Hungariae
1076 1867 1404 1944 Palatino
1446 1887 1524 1946 et
1571 1868 1814 1945 Judici
1869 1872 2394 1947 Cumanorum.
2455 1871 2762 1975 Capitu-

589 1976 746 2053 lum
788 1976 1164 2051 Ecclesiae
1203 1975 1592 2077 Agriensis
1632 1978 1960 2052 sincerae
2001 1980 2463 2055 reuerentiae
2515 1995 2596 2054 et
2628 1975 2761 2053 ho-

534 2119 541 2126 ·
590 2085 792 2158 noris
833 2084 1270 2158 continuum
1304 2085 1863 2157 incrementum.
1921 2083 2322 2179 Noueritis,
2347 2083 2560 2189 quod
2601 2109 2761 2160 cum

587 2205 728 2268 nos
768 2188 1032 2265 litteris
1071 2191 1332 2263 vestris
1367 2187 1956 2283 adiudicatoriis,
2013 2189 2226 2264 simul
2265 2210 2340 2267 et
2379 2193 2762 2294 composi·-

587 2294 979 2378 tionalibus
1029 2293 1437 2371 honorifice
1491 2297 1845 2395 receptis,
1899 2295 2283 2373 tenoribus
2338 2297 2761 2373 earumdem

584 2404 752 2477 visis
817 2420 891 2478 et
949 2402 1327 2507 perlectis,
1404 2428 1577 2477 cum
1639 2400 1994 2503 Magistro
2055 2404 2337 2499 Biasio,
2410 2401 2617 2479 dicto
2673 2402 2760 2476 de

587 2507 913 2598 Sarkoz,
991 2509 1261 2584 Curiae
1330 2527 1615 2585 vestrae
1679 2510 2023 2598 notario,
2096 2506 2395 2587 homine
2454 2511 2758 2601 Vestro,
2851 2537 2852 2540 ¹

585 2614 678 2688 ad
713 2613 1179 2718 infrascripta
1230 2614 1641 2716 peragenda
1673 2616 2086 2716 specialiter
2116 2621 2581 2708 transmisse,
2635 2615 2756 2690 du-

586 2744 673 2794 os
731 2715 1064 2794 homines
1122 2739 1464 2813 nostros,
1545 2721 1889 2796 videlicet
1955 2720 2388 2823 Magistrum
2438 2720 2753 2828 Stepha-

522 2851 819 2919 ,num,.
895 2822 1176 2899 dictum
1231 2823 1636 2920 Kalandai,
1707 2826 2313 2904 Concanonicum
2379 2848 2757 2919 nostrum,

582 2957 726 3035 pro
765 2945 976 3035 parte
1024 2930 1432 3034 Stephani,
1491 2932 1621 3007 filii
1666 2934 1954 3009 Nicolai
1992 2933 2085 3011 de
2135 2935 2489 3030 Sakaros,
2548 2953 2760 3011 acto-

580 3040 727 3132 ris,
783 3062 869 3111 ac
909 3038 1304 3112 Dominum
1338 3039 1696 3116 Thomam
1743 3037 2289 3137 Sacerdotem,¹
2321 3045 2759 3143 Magistrum

579 3142 852 3219 Altaris
890 3139 1148 3219 Sancti
1180 3146 1470 3223 Nicolai
1510 3146 2009 3238 confessoris,
2064 3147 2157 3223 de
2195 3149 2454 3226 eadem
2500 3147 2756 3224 Eccle-

582 3250 688 3325 sia
722 3267 1016 3342 nostra,
1072 3278 1213 3354 pro
1248 3272 1456 3357 parte
1492 3252 1850 3339 Farkasii‚
1908 3253 2037 3327 filii
2076 3254 2413 3343 Joannis,
2472 3254 2758 3330 Alberti

577 3353 711 3430 filii
749 3354 1114 3452 Ladislai,
1176 3358 1369 3434 Petri
1411 3358 2023 3454 filii‘Alexandi·i‚
2077 3361 2414 3447 «Ioannis,
2473 3359 2761 3437 Sandon-

579 3479 655 3537 et
712 3463 974 3540 Jacobi
1009 3520 1031 3559 ,
1086 3463 1412 3541 filiorum
1466 3463 1853 3560 Andreae,
1920 3467 2185 3544 Jacobi
2240 3485 2319 3545 et
2370 3468 2758 3557 Andreae,

576 3564 1300 3665 filiorum-Joannis,
1357 3590 1433 3647 et
1474 3572 1779 3649 Joannis
1835 3571 1965 3648 filii
2010 3574 2254 3665 Petri,
2309 3602 2408 3650 ac·
2443 3576 2757 3652 aliorum
2851 3593 2852 3596 ’

567 3670 964 3756 Nobilium
1005 3678 1096 3753 de
1134 3679 1330 3756 dicta
1372 3677 1721 3772 Szkaros,
1774 3682 1850 3754 in
1890 3707 2182 3757 causam
2219 3698 2699 3759 attractorum
2730 3731 2752 3771 ,

573 3781 649 3854 in
705 3777 1077 3883 dictisque
1152 3786 1413 3888 litteris
1482 3785 1743 3862 vestris
1800 3788 2231 3864 nominatim
2297 3792 2755 3892 conscripto-

570 3911 784 3980 rum,
834 3885 930 3962 ad
970 3887 1365 3967 videndam
1413 3891 1890 3986 diuisionem,
1939 3896 2479 3985 remissionem,
2509 3913 2587 3970 et
2622 3909 2788 3967 stii-¹

577 3994 940 4069 tutionem
993 3995 1471 4099 possessionis
1530 3999 1667 4098 Kis
1719 4003 2039 4102 Runya,
2092 3999 2238 4077 alie
2283 4006 2579 4077 nomine
2620 3995 2754 4079 Kis

570 4095 859 4178 Hamva
898 4102 1362 4188 nominatae,
1417 4131 1504 4178 ac
1540 4108 1902 4203 portionis
1933 4105 2537 4212 possessionen-iae
2576 4129 2749 4184 con.

568 4201 740 4281 dam
784 4206 1120 4304 Alberti,
1178 4208 1306 4287 filii
1343 4209 1609 4287 Jacobi
1631 4264 1660 4300 ,
1716 4212 1794 4286 in
1832 4213 2027 4291 dicta
2064 4211 2389 4292 Sakai-os
2422 4214 2746 4316 habitae,
