2875 4842
2018 399 2239 548 svs

125 658 448 771 praefato
486 662 806 738 Domino
864 662 1250 748 Demetrio
1286 663 1665 772 Episcopo
1703 680 1781 741 et
1829 663 1974 740 suis
2005 687 2296 741 succes‘a

130 768 411 848 soribus
455 770 857 875 episcopis,
914 789 1175 872 vtputa
1212 773 1440 877 ipsius
1481 772 1844 849 Ecclesiae
1884 770 2291 875 vesprimi-

133 878 354 969 ensis,
409 874 504 951 ad
558 879 792 982 ipsam
846 878 1240 953 Ecclesiam
1287 879 1906 982 vesprimiensem
1965 878 2040 951 in
2099 876 2292 952 futu-

134 1011 282 1059 rum
327 986 687 1060 canonice
733 985 1208 1076 intrantibus,
1262 984 1693 1061 roborando
1743 1004 1818 1060 et
1854 982 2289 1059 innouando

136 1110 490 1194 perpetuo
540 1091 882 1167 valituras
950 1090 1510 1175 confirmamus,
1587 1091 1987 1196 praesentis
2037 1089 2291 1192 scripti

134 1200 351 1272 nostri
388 1196 806 1274 Patrocinio
852 1185 1264 1302 mediante,
1315 1199 1474 1273 sine
1515 1197 1866 1276 duntaxat
1907 1196 2294 1302 praeiudi-

29 1383 34 1388 ,
135 1303 473 1392 cio-Iuris
510 1303 751 1381 alieni.
827 1305 914 1378 In
954 1305 1162 1380 euius
1197 1306 1305 1382 rei
1340 1306 1805 1388 memoriam,
1849 1302 2292 1380 firmitatem-

141 1435 277 1511 que
329 1427 764 1513 perpetuam
807 1427 1224 1515 praesentes
1285 1412 1774 1487 concessimus
1809 1409 2099 1486 Literas
2142 1433 2295 1485 no·-

138 1533 303 1590 stras
374 1515 871 1621 priuilegiales
919 1509 1302 1621 pendentis
1353 1517 1432 1592 et
1467 1517 1862 1594 authentici
1909 1518 2123 1619 sigilli
2164 1541 2293 1591 no-

142 1624 263 1698 stri
303 1621 677 1729 dupplici·
714 1625 1116 1698 munimine
1152 1623 1564 1702 roboratas.
1644 1626 1912 1701 Datum
1953 1651 2092 1728 per
2127 1649 2294 1697 ma·-

143 1753 264 1802 nus
294 1727 921 1806 Reuerendissimi
965 1733 1040 1804 in
1075 1732 1229 1805 Xto
1264 1732 1492 1808 Patris
1527 1745 1604 1805 et
1649 1731 1947 1806 Domini
1989 1730 2291 1806 Domini

145 1832 430 1913 loannis
487 1834 1043 1941 Archiepiscopi
1092 1833 1539 1941 strigonien.
1583 1836 1921 1941 Locique
1959 1837 2293 1914 eiusdem

145 1940 432 2019 Comitis
473 1948 859 2047 perpetui,
914 1969 1057 2020 nec
1106 1969 1258 2019 non
1313 1944 1647 2020 Primatis
1697 1962 1772 2022 et
1813 1945 2292 2048 Apostolicae

143 2044 317 2125 sedis
387 2051 689 2152 Legati,
770 2073 856 2123 ac
908 2049 1143 2126 Aulae
1201 2051 1500 2127 nostrae
1530 2050 1969 2128 ’Maiestatis
2042 2049 2295 2126 eximii

147 2151 607 2259 cancellat-y,
658 2153 905 2233 dilecti
951 2160 1184 2236 nostri
1251 2176 1327 2232 et
1376 2155 1636 2233 fidelis.
1727 2160 1948 2233 Anno
1994 2158 2295 2235 Domini
2409 2199 2419 2214 ·

147 2255 645 2340 MCCCXCV.
679 2261 914 2340 Sexto
947 2263 1304 2339 Calendas
1335 2267 1605 2340 mensis
1644 2263 2077 2344 Decembris
2100 2317 2128 2355 ,
2181 2285 2295 2337 re·

142 2366 253 2467 gni
287 2388 541 2447 autem
577 2371 809 2445 nosti-i
848 2396 1040 2448 anno
1070 2367 1315 2447 Nono.
1377 2367 1945 2449 Venerabilibus
1978 2371 2054 2446 in
2087 2365 2298 2444 Chri-

147 2488 248 2546 sto
292 2474 632 2553 Patribus
686 2494 764 2553 et
819 2476 1196 2570 Dominis,
1270 2476 1670 2552 Valentino
1724 2477 1909 2554 tituli
1980 2473 2294 2551 Sanctae

147 2575 485 2677 Sabinae,
543 2581 778 2658 Sacro
831 2601 1128 2660 sanctae
1174 2586 1551 2681 Romanae
1604 2585 1974 2661 Ecclesiae
2018 2581 2299 2658 Presbn-

153 2698 301 2763 tero
348 2688 761 2783 cardinali,
813 2707 893 2768 et
929 2690 1184 2766 Almae
1206 2690 1573 2766 Ecclesiae
1596 2688 2301 2796 Quinqueeclesien-

148 2788 234 2868 tit
269 2795 837 2887 Gubematore,
891 2798 1288 2874 ac-eodem
1331 2799 1653 2873 Domino
1691 2801 1981 2875 Jnanne
2015 2795 2111 2872 de
2154 2794 2299 2870 Ca-

151 2898 2304 3092 ἰζῒὲᾗέΐῄῗεξῗῗιῗέῑεῗὲἷῖ802ῗέρὲΪὶῈ’“ῗ,.ἴῖ“ἐ’”ξιῗὶἰί

153 3123 302 3189 tero
337 3065 634 3194 Aniirea
678 3115 1068 3221 Ragusien.
1117 3039 1807 3224 Auschiepiscopiaea«
1832 3120 2117 3194 Joanne
2156 3115 2304 3191 Va-

155 3217 411 3299 ndien.
459 3222 789 3302 Mat-tino
864 3224 1412 3328 TransyluanO,
1462 3228 1791 3306 ·Joanne
1858 3219 2297 3328 Zagrabien.

162 3318 523 3432 Stephano
582 3330 762 3406 ciko
825 3332 1122 3437 Agrien.
1177 3330 1466 3408 Joanne
1519 3335 1845 3418 Jaurien.
1902 3331 2123 3408 Petro
2157 3329 2302 3402 Va·

139 3431 370 3510 Uien.
410 3440 697 3514 Joanne
733 3437 1047 3515 annen.
1088 3437 1351 3516 eodem
1385 3438 1770 3518 Demetrio
1809 3436 2302 3543 Vesprimien.

159 3533 392 3619 Fra'tre
443 3544 813 3647 Gregorio
863 3541 1249 3621 Szirmien.
1313 3543 1680 3622 Michaele
1729 3544 2048 3622 Nitrien.
2101 3543 2307 3618 Luca

31 3747 36 3754 .
161 3637 383 3724 electo
473 3648 795 3725 Chanad.
866 3648 1355 3757 Chrysogono
1424 3653 1858 3757 Tragurien.
1911 3650 2303 3727 Francisco
2410 3689 2421 3704 ·

153 3741 595 3834 Scardonen.
635 3755 862 3831 Paulo
885 3754 1302 3837 Tinninien.
1334 3758 1618 3835 Joanne
1659 3760 1948 3850 Nonen.
1973 3756 2305 3832 Antonio

158 3848 544 3940 Sibinieen.
582 3862 895 3941 Nicolao
930 3864 1370 3944 Corbauicn.
1429 3885 1504 3943 et
1544 3863 1934 3943 Leonardo
1955 3913 1981 3957 ,
2038 3863 2308 3936 Decre-

132 3967 391 4045 -20rum
456 3970 802 4062 Doctori,
886 3966 1229 4077 Segnien.
1304 3972 1794 4049 Ecclesiarum
1870 3968 2256 4077 Episcopis
2277 4020 2303 4055 ,

163 4058 497 4155 Ecclesins
546 4075 690 4153 Dei
726 4074 1043 4155 feliciter
1087 4074 1688 4187 gubernantibus.
1768 4080 1929 4157 Nec
1966 4101 2116 4152 non
2148 4072 2310 4147 Ma-

167 4176 428 4271 gnifiei.
452 4183 630 4260 viris
657 4179 1098 4268 Leostachio
1136 4188 1234 4267 de
1268 4183 1490 4268 lllsua
1508 4241 1531 4287 ,
1583 4189 1798 4295 regni
1827 4182 2062 4263 nostri
2113 4175 2310 4260 Pala·
