2875 4842
662 470 761 545 6¹2

544 681 900 787 teipiinae
941 704 1193 757 causas
1229 692 1694 769 scrutemur,
1745 693 2144 781 sequentes
2201 677 2417 751 nobis
2468 673 2754 754 viden-

552 804 678 863 tur
716 788 933 873 fuisse
975 785 1456 889 praecipuae:
1521 780 1615 880 1.)
1663 783 1883 858 Auita
1933 782 2247 861 militum
2292 788 2750 861 nostratium

553 892 1055 971 nobilitarium
1094 895 1172 966 in
1210 892 1453 990 Reges
1483 912 1572 965 ac
1603 893 1910 991 patriam
1965 888 2145 967 fides
2195 909 2553 991 regnante
2589 892 2752 967 iam

557 1000 972 1106 Arpadiana
1012 1000 1237 1100 stirpe
1273 997 1532 1073 vitium
1562 997 1799 1099 cepit,
1853 994 1990 1071 sub
2038 996 2266 1071 mixta
2303 995 2754 1075 labefactata

549 1110 816 1183 sensim
858 1107 1121 1211 magis:
1167 1101 1630 1200 „Fridericus
1653 1101 1992 1179 Austriae
2017 1090 2471 1199 Dux*(tertii⁸
2489 1102 2750 1181 Andr.

546 1216 644 1289 II.
681 1216 768 1289 R.
810 1211 1086 1317 nuptiis
1126 1232 1324 1287 anno
1358 1209 1592 1284 1234.
1633 1208 2014 1314 praesens)
2055 1205 2156 1284 ita
2201 1208 2483 1314 placuit
2532 1210 2752 1285 mul-

476 1306 483 1315 ’
547 1318 642 1396 tis
693 1321 1050 1418 Vagaris,
1126 1333 1203 1393 vt
1252 1341 1427 1391 eum
1474 1342 1726 1419 regem
1800 1318 2204 1420 optarent“.
2244 1319 2345 1391 ait
2393 1316 2748 1395 Pernold.

547 1424 744 1528 apud
792 1423 1168 1501 Hantaller
1202 1420 1511 1527 Campil.
1544 1440 1696 1499 tom
1730 1426 1787 1499 I.
1827 1452 1903 1526 p.
1956 1425 2181 1501 1315.
2223 1422 2600 1515 „Quidam
2643 1423 2748 1499 de

548 1531 953 1610 maioribus
984 1532 1179 1607 inter
1211 1526 1459 1634 ipsum
1508 1556 1766 1635 regem
1817 1528 2076 1605 Belam
2119 1528 2250 1604 IV.
2308 1555 2395 1604 ac
2443 1548 2747 1634 patrem

548 1641 753 1733 eius,
811 1640 1098 1744 saepius
1139 1636 1579 1719 seditionem
1619 1653 1697 1714 et
1747 1628 2178 1714 scandalum
2234 1656 2749 1739 procurarunt

546 1744 691 1838 ita,
749 1746 957 1849 quod
994 1743 1376 1822 hincinde
1408 1742 1697 1847 saepius
1743 1742 2006 1819 militia
2052 1761 2535 1847 congregata,
2607 1742 2745 1818 di-

549 1854 824 1928 micare
858 1848 1212 1943 aduersus
1251 1848 1579 1927 inuicem
1610 1850 2022 1942 voluerint,
2077 1851 2214 1925 nisi
2266 1878 2406 1956 per
2453 1869 2743 1929 tenen-

547 1976 658 2037 tes
697 1959 1020 2039 medium
1055 1959 1247 2037 inter
1283 1982 1409 2033 eos
1432 2012 1455 2050 ,
1512 1975 1759 2034 essent
1797 1958 1993 2060 pacis
2037 1955 2343 2034 foedera
2370 1957 2744 2035 reforma-

548 2083 643 2141 ta.
704 2066 890 2142 Cum
912 2064 1085 2168 ‚ipse
1108 2065 1277 2143 Rex
1318 2056 1411 2139 ad
1501 2065 1679 2138 atris
1714 2065 1995 2140 curiam
2026 2062 2469 2157 accedebat,
2504 2061 2741 2140 iidem

546 2175 622 2247 in
676 2170 885 2249 nullo
914 2223 929 2253 ⁸
958 2173 1027 2247 ei
1084 2171 1377 2273 penitus
1425 2092 1898 2265 (referebant,
1994 2169 2221 2247 immo
2281 2169 2742 2248 dehonesta-

548 2278 779 2374 bant,
813 2278 1018 2383 quod
1061 2277 1284 2353 celari
1325 2305 1474 2354 non
1515 2292 1784 2381 potest.
1825 2279 1921 2369 Et
1951 2296 2210 2353 contra
2249 2280 2465 2355 vitam
2498 2281 2744 2381 patris

545 2402 625 2462 et
659 2384 981 2461 filiorum
1011 2387 1360 2489 nequiter
1393 2383 1952 2488 conspirarent,
2005 2399 2084 2458 vt
2138 2384 2276 2459 illis
2321 2383 2567 2488 gladio
2603 2389 2737 2461 in-

549 2493 882 2569 teremti·
920 2492 1199 2570 facilius
1243 2489 1561 2591 quilibet
1593 2506 1846 2595 posset
1886 2490 1980 2580 de
2018 2490 2431 2595 Hungaria,
2504 2519 2738 2595 quam

542 2597 682 2674 sibi
721 2623 861 2701 per
897 2616 1139 2699 partes
1187 2597 1632 2690 diuisa-ant,
1691 2598 2109 2699 portionem
2168 2597 2305 2677 sibi
2364 2598 2738 2696 debitam,

547 2705 704 2780 aine
736 2704 1171 2781 conditione
1198 2703 1592 2780 cuiuslibet
1625 2730 2015 2809 occupare.
2071 2708 2161 2780 Et
2199 2731 2426 2809 quum
2457 2732 2745 2798 conce--⁴

549 2828 674 2913 pta
707 2812 1099 2914 neqrircnt
1145 2808 1436 2884 effectui
1479 2810 1950 2914 mancipare,
2005 2810 2201 2907 aliud
2239 2816 2554 2917 nequius
2598 2836 2738 2890 co-

547 2917 910 3019 gita-runt:
972 2914 1164 2991 Duci
1198 2914 1579 3010 Austriae,
1616 2914 1898 2993 litteras
1933 2943 2106 2993 cum
2137 2921 2360 2997 certis
2394 2920 2623 3026 pactis
2655 2939 2739 2997 et

548 3021 1100 3103 conditionibus
1149 3022 1631 3117 destinando,
1705 3022 2030 3100 Domino
2077 3025 2498 3119 Friderico‚
2567 3024 2737 3102 R'o-
2859 3024 2860 3027 '

544 3156 941 3222 manorum
982 3130 1472 3232 Imperatori,
1521 3154 1878 3209 coronam
1923 3133 2136 3237 regni
2169 3157 2258 3229 ac
2298 3133 2739 3238 Hungariae

549 3237 725 3311 dare
760 3234 1339 3342 promittebant3
1393 3237 1523 3313 sed
1564 3238 1872 3313 nuncius
1911 3238 1989 3314 in
2017 3241 2135 3314 via
2196 3257 2496 3344 captuS,
2562 3243 2734 3344 regi

552 3344 691 3417 fuit
730 3370 901 3417 cum
940 3344 1202 3417 litteris
1237 3344 1816 3442 praesentatus.“
1871 3347 2131 3445 Roger
2159 3346 2205 3422 l.
2258 3373 2325 3422 c.
2381 3372 2545 3451 cap.
2579 3351 2729 3422 IX.

548 3448 903 3542 „Illustris
950 3450 1168 3550 Regis
1211 3447 1581 3550 Vngariae
1615 3449 1868 3548 (Belae
1916 3451 2079 3545 IV.)
2131 3451 2456 3529 exhibita
2509 3454 2734 3530 nobis
2795 3480 2806 3487 ·

547 3556 809 3659 petitio
863 3555 1330 3647 continebat,
1411 3556 1620 3659 quod
1675 3554 1875 3631 Mica
1909 3556 2269 3635 Barbatus
2297 3616 2319 3657 ,
2374 3559 2735 3638 Nicolaua

548 3661 737 3736 filius
777 3657 1068 3753 Borch‚
1123 3659 1213 3739 ac
1261 3663 1616 3751 Nicolaus
1658 3661 2056 3766 Magister,
2109 3665 2572 3769 proditores,
2631 3666 2732 3744 de

546 3765 779 3841 laesae
819 3766 1214 3843 Maiestatis
1259 3770 1569 3846 crimine
1595 3771 2136 3860 f-condemnmi,
2212 3771 2746 3851 fraudulenter

546 3875 771 3949 multa
804 3872 897 3947 de
923 3873 1138 3947 bonis
1171 3899 1498 3953 comnae
1519 3878 1766 3980 regiae
1796 3875 2239 3968 auferentes,
2263 3878 2462 3983 apud
2498 3904 2742 3981 quae-

548 3980 714 4055 dam
751 3981 911 4055 i‘oca
942 3976 1281 4079 religiosa
1317 4008 1401 4055 ea
1434 3981 1994 4084 deposuerint.“
2030 3985 2172 4059 Lit.
2209 3988 2556 4091 Gregorii
2586 3988 2754 4062 lx.·

549 4088 683 4162 PP.
718 4111 913 4160 anno
961 4091 1192 4162 1235.
1229 4087 1325 4162 V.
1362 4088 1738 4165 Codicem.
1780 4090 2275 4187 ‚‚Ottocaru3‚
2331 4092 2742 4169 Bohemiae·

546 4193 754 4288 Rex,
812 4190 1076 4269 tabulis
1112 4220 1308 4269 anno
1345 4193 1830 4272 MCCLXXI.
1878 4199 1966 4272 H.
2006 4196 2115 4274 Id.
2158 4198 2428 4304 Pragae
2466 4198 2739 4278 coufe-
