2875 4842
2165 422 2316 495 sss
2440 366 2448 379 ’

227 654 414 706 nam
454 625 550 708 de
583 620 938 731 Tyranno
971 625 1161 707 male
1198 627 1821 722 contenti-eratin
1877 627 2008 706 sed
2045 657 2424 734 nunquam

226 735 753 841 Sigismuudus
802 739 1276 840 acquiescere
1311 736 1594 822 voluit,
1651 735 1931 834 nequid
1972 737 2423 839 proditionis

226 845 381 919 'sibi
429 844 1014 940 adscriberetur,
1071 869 1243 919 cum
1300 846 1471 941 Dux
1511 846 1667 923 eius
1713 841 1931 917 fidem
1985 861 2281 920 secutus
2317 844 2428 920 su·

226 949 435 1027 isset.
486 954 795 1028 Interim
837 954 1085 1056 coepit
1124 950 1316 1055 apud
1337 949 2162 1049 Basileamconcilium,
2215 949 2423 1054 quod

227 1062 492 1156 augeri
522 1055 1032 1160 Sigismundus
1069 1055 1444 1134 mandauit
1467 1108 1495 1144 ‚
1554 1055 1889 1161 quamuis
1909 1052 2424 1160 Eugentusil-

226 1162 365 1241 lud
427 1158 945 1267 disposuisset,
1014 1165 1366 1266 iussitque
1446 1162 1818 1240 praelatos
1894 1154 2290 1258 accedere,
2345 1181 2424 1240 et

224 1270 615 1374 Philippus
647 1296 948 1371 quoque
987 1298 1158 1359 suos
1199 1267 1562 1373 praelatos
1599 1270 2009 1355 destinauit.
2047 1272 2234 1345 Nam
2261 1297 2420 1345 am-

225 1374 338 1450 bo
390 1392 566 1452 tunc
619 1376 893 1475 inimici
939 1395 1149 1455 erant
1186 1378 1452 1451 summi
1503 1373 1917 1468 Pontificis,
1973 1379 2104 1477 qui
2146 1376 2419 1454 Vene-

229 1485 324 1557 tis
391 1510 476 1557 ac
539 1483 980 1559 Florentinis
1028 1483 1280 1569 fauere
1348 1480 1782 1576 vide-batur,
1854 1499 2416 1587 statuerantque
2476 1546 2481 1553 .

227 1614 590 1665 coronam
647 1588 1104 1692 imperialem
1155 1590 1249 1665 ab
1303 1586 1653 1693 Eugenio‘
1692 1594 1855 1662 non·
1919 1606 2227 1695 petere,
2280 1587 2414 1667 sed

228 1711 726 1800 extorquere:
775 1722 976 1771 nam
1011 1714 1099 1789 ‘et
1160 1722 1546 1773 armorum
1617 1694 1901 1770 viribus
1972 1696 2414 1774 infestabant

226 1810 448 1896 eum,
503 1820 580 1877 et
610 1802 905 1903 scriptis
936 1801 1274 1892 concilii,
1330 1799 1799 1902 multumque
1835 1803 2058 1881 animi
2093 1803 2410 1880 concilio
2500 1898 2505 1905 .

224 1909 751 2011 praestiterunt
798 1933 1065 1985 aureae
1125 1909 1385 1991 literae
1433 1906 1929 2011 sigismundi,
1985 1909 2252 2009 quibus
2291 1913 2408 1985 in·

223 2015 661 2091 uariabilem
696 2016 1012 2091 concilio
1050 2014 1387 2118 promisit
1420 2013 1943 2119 obedientiam.
2046 2014 2199 2093 Sed
2243 2018 2406 2094 Eu·

219 2122 484 2223 genius
536 2119 1000 2221 Venetorum
1046 2147 1133 2195 ac
1183 2122 1780 2198 Florentinorum
1837 2138 1914 2197 et¹
1968 2127 2117 2199 suis
2173 2122 2403 2199 fretus

220 2227 998 2321 viribus‚',admodum
1051 2228 1338 2303 restitit.
1417 2227 1645 2304 Venit
1692 2246 1936 2304 autem
1988 2226 2400 2333 Sigismun-

109 2408 116 2415 .
220 2336 354 2410 dus
391 2360 627 2435 vsque
661 2333 1142 2411 Lucam-sine
1179 2331 1739 2438 impedimento.
1798 2334 1949 2411 Sed
1999 2324 2399 2439 postquam

218 2443 369 2519 illic
425 2442 614 2535 fuit,
674 2443 842 2517 Dux
886 2441 1336 2534 Mediolani,
1391 2442 1523 2546 qui
1577 2459 1956 2519 menstrua
1996 2441 2219 2518 dabat
2256 2446 2401 2519 sti-

219 2548 511 2654 pendia,
547 2551 890 2642 cessauit3
934 2551 1091 2624 eius
1117 2574 1427 2649 quoque
1465 2549 1940 2626 exercitus.in
1960 2550 2225 2625 Tuscia
2256 2575 2398 2657 per

218 2656 723 2748 Florentinos,
826 2652 1367 2731 Micbetoctum
1451 2650 1935 2755 Sportianum
2006 2657 2397 2734 conflictus

217 2762 375 2853 fuit.
453 2765 714 2863 Itaque
754 2762 1142 2839 destitutus
1184 2763 1389 2863 omni
1431 2762 1706 2838 auxilio
1743 2761 2250 2867 Sigismundus
2296 2763 2394 2839 vi-

216 2868 564 2965 debatur3
618 2896 760 2945 nec
814 2869 1014 2944 enim
1057 2868 1539 2967 retrocedere
1591 2866 1947 2945 decorum
1987 2887 2191 2961 erat,
2247 2895 2392 2949 nec

216 2976 397 3052 vltra
435 2976 849 3080 procedere
897 2994 1155 3053 tutum.
1232 2978 1634 3079 Aggressus
1667 2992 1912 3053 tamen
1948 2966 2065 3055 res
2104 2973 2395 3071 arduas,

218 3080 527 3162 Structis
555 3084 874 3160 aciebus.
933 3080 1225 3170 Arnum
1261 3082 1506 3159 inuitis
1545 3082 1989 3178 Florentinis
2027 3084 2386 3159 transiuit.

218 3190 484 3296 Magno
514 3209 765 3268 autem
810 3190 1087 3266 auxilio
1119 3187 1265 3266 sibi
1296 3189 1434 3269 fuit
1459 3188 1726 3263 Comes
1749 3189 2125 3279 Antonius
2147 3187 2250 3287 (?)
2277 3190 2389 3264 Pi-

217 3323 447 3395 sanus,
484 3323 722 3401 quem,
742 3304 816 3373 in
849 3301 1012 3401 ipso
1047 3300 1155 3379 itu
1189 3298 1264 3370 in
1291 3296 1665 3398 Hungaria
1686 3294 2043 3371 Comitem
2080 3294 2383 3372 fecerat.

216 3402 431 3483 Venit
479 3407 702 3508 igitur
740 3403 1019 3499 Senas3
1079 3401 1204 3481 vbi
1245 3433 1300 3501 a,
1341 3405 1629 3480 ciuibus
1667 3418 2017 3505 tanquam
2065 3404 2386 3481 pateret

212 3507 610 3589 honorifice
641 3529 718 3588 et
756 3509 1249 3587 amantissime
1275 3528 1652 3615 receptus,
1709 3508 1872 3612 plus
1909 3506 2383 3597 humanitatis

212 3618 523 3713 inuenit,
557 3646 805 3721 quam
840 3635 1176 3720 cuperet.
1232 3616 1358 3695 Ibi
1387 3616 1740 3693 contiuua
1776 3615 1966 3690 bella
2002 3641 2174 3692 cum
2217 3618 2266 3692 F
2271 3616 2380 3691 lo·

213 3728 510 3805 rentinis
544 3721 795 3801 babuit
816 3780 839 3818 ,
876 3724 1255 3827 exiuitque
1289 3729 1455 3824 ipse
1484 3725 1592 3799 sic
1630 3720 1722 3821 ad
1751 3724 2379 3825 expugnationem

215 3849 637 3910 castrorum.
691 3834 977 3909 Verum
1016 3857 1183 3907 cum
1232 3826 1603 3934 Philippus
1646 3828 1929 3931 absque
1966 3828 2374 3929 Sigismun·

216 3937 308 4016 do
357 3964 622 4045 pacem,
671 3965 839 4019 cum
894 3937 1196 4013 Venetis
1254 3937 1308 4008 F
1315 3937 1851 4039 lorentinisque
1905 3932 2240 4033 feeisset‚
2298 3952 2378 4010 et

214 4046 358 4149 ipte
425 4043 933 4150 sigismundus
1008 4070 1180 4119 cum
1243 4042 1578 4148 Eugenio
1652 4042 2156 4143 concordauit.
2255 4037 2373 4114 Ad

216 4180 422 4258 quam
457 4152 1175 4259 remsaepessaspar
1204 4151 1473 4229 missus
1512 4168 1642 4229 est.
1668 4150 2146 4251 ,Treuireusis
2188 4173 2372 4250 quo·
