2875 4842
2026 466 2179 560 115

116 685 220 734 ma
294 674 467 766 post
536 654 808 734 festum
882 659 1079 735 Beati
1148 659 1674 742 Bac-tholomei·
1715 669 2057 770 Apostoli
2118 698 2287 783 post

114 766 289 841 hunc
322 794 539 873 prox.
586 782 903 840 ventura
928 823 950 861 ,
1006 793 1162 869 quo
1202 768 1504 872 quidem
1562 773 1823 849 ultimo
1859 779 2177 862 iuridico
2211 805 2288 864 eft

116 861 292 949 finali
332 874 655 951 termino
693 869 1179 966 adhaerente,
1237 875 1680 978 praelibatus
1723 882 2090 988 Georgius
2113 893 2285 969 Pro-

115 999 393 1057 curator
433 984 708 1057 iterum
750 982 1162 1084 comparuit
1215 1007 1468 1058 coram
1514 989 1972 1066 memoratae
2003 995 2288 1076 civita·-

117 1088 189 1159 tis
218 1086 519 1162 Judicio
572 1085 667 1158 ab
717 1114 863 1161 una
887 1140 908 1180 ,
965 1105 1040 1161 et
1078 1085 1411 1164 similiter
1446 1090 1757 1193 praefati
1798 1089 2131 1180 honiines
2169 1109 2286 1182 vi-

116 1191 368 1271 delicet
422 1219 877 1297 possessores
928 1190 1293 1269 dictarum
1350 1197 1751 1275 Vinearum
1815 1204 2091 1285 ibidem
2143 1240 2286 1289 eo·—

114 1328 253 1376 ram
298 1303 463 1404 ipso
497 1299 801 1374 Judicio
838 1321 1413 1405 comparuerunt
1456 1324 1665 1406 parte
1696 1307 1790 1383 ab
1828 1310 2052 1390 altera
2075 1370 2099 1413 ,
2154 1319 2285 1395 ubi

115 1409 544 1510 prolocutor
606 1407 966 1509 praedicti
1020 1410 1325 1512 Georgii
1380 1409 1887 1491 Procuratoris
1938 1447 2286 1530 conque-

112 1531 253 1588 stus
286 1514 418 1590 fuit
453 1540 548 1590 eo
589 1511 860 1608 modo,
917 1513 1264 1589 videlicet
1291 1514 1502 1624 quod
1539 1521 1964 1621 praedictae
2005 1530 2285 1611 Vineae

113 1620 195 1694 ad
227 1622 627 1722 praefatam
668 1622 1056 1695 Dominam
1111 1625 1398 1696 Annam
1447 1624 1611 1702 iure
1669 1623 2125 1713 successorio
2148 1627 2320 1715 .es‹·-¹

115 1743 259 1814 sent
296 1725 696 1804 devolutae
721 1783 739 1810 ,
798 1744 875 1801 et
912 1727 1331 1804 huiusmodi
1374 1756 1582 1808 suam
1631 1740 2139 1836 quaestionem
2184 1747 2290 1822 di·

114 1834 293 1910 misit
337 1835 432 1909 ad
467 1835 897 1908 Juramenta
936 1832 1486 1936 praedictorum
1524 1837 1948 1940 hominum,
2008 1853 2289 1940 scilicet

116 1967 603 2045 possessorum
641 1941 1041 2014 Vinearum
1097 1942 1688 2044 praedictarum,
1749 1950 1877 2024 ubi
1925 1957 2277 2057 prolocu-

119 2067 216 2124 tor
256 2044 699 2124 eorumdem
737 2043 1161 2138 hominum,
1221 2075 1729 2151 possessorum
1788 2060 2116 2161 ipsarum
2160 2067 2290 2145 Vi.

119 2183 411 2231 nearum
474 2151 855 2257 respondit
921 2178 1019 2228 ex
1079 2155 1395 2233 aduerso
1451 2183 1545 2233 eo
1603 2161 1885 2258 mod0,
1942 2169 2290 2253 videlieet
2351 2252 2358 2259 ,

119 2264 537 2366 prolocutor
589 2259 950 2365 praedicti
1009 2261 1310 2365 Georgii
1350 2264 1858 2346 procuratoris
1907 2275 2103 2376 ipsos
2139 2277 2288 2357 ho-

117 2371 334 2464 mines
385 2391 839 2473 possessores
875 2365 1277 2443 earundem
1322 2368 1726 2448 Vinearum
1771 2378 1845 2450 in
1888 2380 2044 2481 ipsa
2082 2384 2285 2462 Cau-

120 2476 621 2552 sasecundum
665 2474 974 2547 formam
1018 2474 1201 2549 iuris
1244 2475 1612 2578 pradictae
1661 2481 1996 2563 Civitatis
2034 2491 2124 2564 ad
2160 2497 2287 2568 iu·-

120 2601 428 2659 ramenta
475 2575 858 2658 coarctare
896 2606 1041 2654 non
1087 2598 1332 2683 posset
1377 2579 1545 2675 eo,'
1572 2588 1779 2690 quod
1831 2578 1967 2694 ipsi
2010 2627 2286 2700 posses.

119 2714 302 2766 sores
355 2692 678 2793 ipsarum
742 2688 1151 2761 Vinearum·
1209 2690 1401 2791 ipsas
1439 2691 1707 2794 Vzineas
1769 2723 1909 2800 pro
1951 2711 2285 2805 pecuniis

121 2798 431 2900 ipsorum
473 2796 799 2901 propriis
843 2822 882 2867 a
937 2794 1198 2894 Nykus
1250 2795 1404 2870 filio
1449 2800 1763 2877 condam
1824 2806 2114 2889 Jacobo
2160 2814 2284 2893 Ju-

121 2905 289 2980 dieis
346 2901 819 2979 Posoniensis
874 2903 1214 2976 emtionis
1280 2902 1495 2979 titulo
1549 2931 2140 3015 comparassent,
2195 2947 2281 2999 ac

121 3010 392 3086 easdem
435 3011 711 3084 Vineas
761 3006 1098 3110 pluribus
1152 3012 1356 3083 annis
1392 3010 1682 3114 absque
1713 3020 1916 3092 omni
1975 3026 2304 3129 impeti-2

125 3122 308 3197 tione
342 3117 713 3192 mediante
760 3116 923 3190 iure
972 3130 1048 3189 et
1093 3113 1442 3191 libertate*
1472 3116 1711 3195 dictae
1739 3124 2068 3205 Ciuitatis
2106 3160 2280 3236 pos·

123 3227 454 3301 sedissent
502 3222 807 3327 pacifice
863 3238 940 3298 et
985 3222 1278 3321 quiete,
1335 3249 1476 3299 nec
1526 3252 1674 3301 uon
1728 3256 1954 3334 super
1998 3239 2276 3318 eisdem

126 3332 354 3410 Vineis
388 3329 757 3407 autentica
801 3328 1098 3404 literalia
1141 3326 1633 3406 Instrumenta
1680 3365 1904 3438 super
1944 3347 2275 3422 emtioni.

123 3437 236 3516 bus
275 3438 814 3543 praedictarum
863 3437 1267 3510 Vinearum
1304 3458 1635 3513 emanata
1680 3442 2059 3526 haberent.
2132 3456 2276 3530 Et-

126 3547 206 3619 sic
247 3544 489 3622 Judex
543 3544 1028 3645 interrogauit
1062 3542 1274 3617 Cives
1328 3544 1622 3621 Juratos
1660 3553 2117 3653 supradictae
2157 3562 2274 3642 Ci-

127 3654 378 3744 vitatis,
433 3678 626 3752 quae
665 3667 853 3724 esset
888 3649 1157 3725 iustitia
1191 3649 1522 3748 Civitatis
1552 3656 1781 3757 ipsius
1815 3658 1889 3732 in
1933 3660 2067 3741 hac
2111 3695 2270 3768 par-

135 3773 203 3834 te.
274 3758 427 3835 Ubi
456 3760 598 3860 ipsi
639 3756 855 3848 Cives
885 3755 1124 3833 Jurati
1155 3758 1355 3830 iuxta
1395 3763 2112 3847 consvetudinariam
2133 3779 2269 3854 Le.

138 3890 264 3965 gem
322 3882 403 3943 et
482 3861 829 3940 iustitiam
889 3862 1131 3938 dictae
1190 3861 1513 3939 Civitatis
1584 3868 1822 3945 taliter
1885 3873 2266 3964 diffinitive

138 3970 603 4050 sententiando
632 3968 1140 4048 iudicaverunt
1175 3995 1266 4042 ex
1298 3996 1434 4066 e0,
1493 3974 2084 4083 quod-praedicti
2120 3989 2261 4067 ho·-

138 4080 322 4155 mines
356 4103 819 4185 possessores
871 4077 1407 4179 praedictarum
1453 4080 1859 4159 Vinearum
1895 4091 2083 4192 ipsas
2118 4098 2256 4174 Vi·-

136 4208 273 4262 nens
302 4214 439 4292 pro
492 4186 824 4291 pecuniis
867 4191 1194 4287 ipsorum
1235 4188 1560 4289 propriis
1602 4213 2261 4372 comparaverunt,
