<?xml version="1.0" encoding="UTF-8"?>
<!DOCTYPE html PUBLIC "-//W3C//DTD XHTML 1.0 Transitional//EN"
    "http://www.w3.org/TR/xhtml1/DTD/xhtml1-transitional.dtd">
<html xmlns="http://www.w3.org/1999/xhtml" xml:lang="en" lang="en">
 <head>
  <title>
</title>
<meta http-equiv="Content-Type" content="text/html;charset=utf-8" />
  <meta name='ocr-system' content='tesseract 3.04.00' />
  <meta name='ocr-capabilities' content='ocr_page ocr_carea ocr_par ocr_line ocrx_word'/>
</head>
<body>
  <div class='ocr_page' id='page_1' title='image "./codexdiplomatic00knigoog_0074.png"; bbox 0 0 2875 4842; ppageno 0'>
   <div class='ocr_carea' id='block_1_1' title="bbox 672 485 768 555">
    <p class='ocr_par' dir='ltr' id='par_1_1' title="bbox 672 485 768 555">
     <span class='ocr_line' id='line_1_1' title="bbox 672 485 768 555; baseline -0.021 0"><span class='ocrx_word' id='word_1_1' title='bbox 672 485 768 555; x_wconf 76' lang='lat'>68</span> 
     </span>
    </p>
   </div>
   <div class='ocr_carea' id='block_1_2' title="bbox 542 683 2824 1966">
    <p class='ocr_par' dir='ltr' id='par_1_2' title="bbox 542 683 2824 1749">
     <span class='ocr_line' id='line_1_2' title="bbox 570 683 2765 793; baseline -0.003 -27"><span class='ocrx_word' id='word_1_2' title='bbox 570 689 773 767; x_wconf 80' lang='lat' dir='ltr'>hunc</span> <span class='ocrx_word' id='word_1_3' title='bbox 829 684 1297 765; x_wconf 76' lang='lat' dir='ltr'>sarciendam</span> <span class='ocrx_word' id='word_1_4' title='bbox 1346 683 1819 763; x_wconf 83' lang='lat' dir='ltr'>Ludo&#39;uicnm</span> <span class='ocrx_word' id='word_1_5' title='bbox 1887 712 2280 793; x_wconf 79' lang='lat' dir='ltr'>magnum,</span> <span class='ocrx_word' id='word_1_6' title='bbox 2329 683 2765 788; x_wconf 77' lang='lat' dir='ltr'>sigismun-</span> 
     </span>
     <span class='ocr_line' id='line_1_3' title="bbox 570 795 2759 895; baseline -0.003 -23"><span class='ocrx_word' id='word_1_7' title='bbox 570 797 795 887; x_wconf 79' lang='lat' dir='ltr'>dum,</span> <span class='ocrx_word' id='word_1_8' title='bbox 848 795 1245 871; x_wconf 86' lang='lat' dir='ltr'>Albertum</span> <span class='ocrx_word' id='word_1_9' title='bbox 1281 797 1778 885; x_wconf 85' lang='lat' dir='ltr'>Austriacum‚</span> <span class='ocrx_word' id='word_1_10' title='bbox 1817 813 2090 891; x_wconf 79' lang='lat' dir='ltr'>castra,</span> <span class='ocrx_word' id='word_1_11' title='bbox 2144 808 2220 871; x_wconf 80' lang='lat' dir='ltr'>et</span> <span class='ocrx_word' id='word_1_12' title='bbox 2256 809 2507 871; x_wconf 82' lang='lat' dir='ltr'>tenuta</span> <span class='ocrx_word' id='word_1_13' title='bbox 2543 795 2759 895; x_wconf 77' lang='lat' dir='ltr'>regin</span> 
     </span>
     <span class='ocr_line' id='line_1_4' title="bbox 570 898 2758 1007; baseline -0.003 -28"><span class='ocrx_word' id='word_1_14' title='bbox 570 906 1072 1007; x_wconf 81' lang='lat' dir='ltr'>impignorare</span> <span class='ocrx_word' id='word_1_15' title='bbox 1119 917 1247 973; x_wconf 84' lang='lat' dir='ltr'>aut</span> <span class='ocrx_word' id='word_1_16' title='bbox 1303 924 1570 974; x_wconf 78' lang='lat' dir='ltr'>venum</span> <span class='ocrx_word' id='word_1_17' title='bbox 1614 898 1827 975; x_wconf 83' lang='lat' dir='ltr'>dare:</span> <span class='ocrx_word' id='word_1_18' title='bbox 1885 904 2246 976; x_wconf 88' lang='lat' dir='ltr'>Joannem</span> <span class='ocrx_word' id='word_1_19' title='bbox 2277 902 2380 975; x_wconf 80' lang='lat' dir='ltr'>de</span> <span class='ocrx_word' id='word_1_20' title='bbox 2415 898 2758 999; x_wconf 80' lang='lat' dir='ltr'>Hunyad</span> 
     </span>
     <span class='ocr_line' id='line_1_5' title="bbox 566 1006 2758 1130; baseline -0.002 -45"><span class='ocrx_word' id='word_1_21' title='bbox 566 1012 1188 1130; x_wconf 75' lang='lat' dir='ltr'><strong>Gubernatorem,</strong></span> <span class='ocrx_word' id='word_1_22' title='bbox 1230 1032 1399 1081; x_wconf 85' lang='lat' dir='ltr'>aere</span> <span class='ocrx_word' id='word_1_23' title='bbox 1424 1008 1732 1109; x_wconf 85' lang='lat' dir='ltr'>proprio</span> <span class='ocrx_word' id='word_1_24' title='bbox 1767 1006 2238 1111; x_wconf 82' lang='lat' dir='ltr'>stipendiatos</span> <span class='ocrx_word' id='word_1_25' title='bbox 2261 1010 2480 1088; x_wconf 79' lang='lat' dir='ltr'>alere.</span> <span class='ocrx_word' id='word_1_26' title='bbox 2517 1032 2758 1109; x_wconf 85' lang='lat' dir='ltr'>opor·</span> 
     </span>
     <span class='ocr_line' id='line_1_6' title="bbox 569 1092 2757 1216; baseline -0.002 -23"><span class='ocrx_word' id='word_1_27' title='bbox 569 1120 729 1193; x_wconf 85' lang='lat' dir='ltr'>tuit.</span> <span class='ocrx_word' id='word_1_28' title='bbox 818 1092 1133 1189; x_wconf 80' lang='lat' dir='ltr'>Mathias</span> <span class='ocrx_word' id='word_1_29' title='bbox 1188 1113 1561 1189; x_wconf 86' lang='lat' dir='ltr'>Coruinus</span> <span class='ocrx_word' id='word_1_30' title='bbox 1606 1116 2076 1216; x_wconf 79' lang='lat' dir='ltr'><strong>praescriptis</strong></span> <span class='ocrx_word' id='word_1_31' title='bbox 2118 1114 2592 1190; x_wconf 76' lang='lat' dir='ltr'>comitialiter</span> <span class='ocrx_word' id='word_1_32' title='bbox 2641 1129 2757 1188; x_wconf 78' lang='lat' dir='ltr'>tn·</span> 
     </span>
     <span class='ocr_line' id='line_1_7' title="bbox 570 1219 2759 1325; baseline -0.002 -27"><span class='ocrx_word' id='word_1_33' title='bbox 570 1224 689 1299; x_wconf 82' lang='lat' dir='ltr'>xis</span> <span class='ocrx_word' id='word_1_34' title='bbox 743 1220 834 1296; x_wconf 89' lang='lat' dir='ltr'>de</span> <span class='ocrx_word' id='word_1_35' title='bbox 898 1219 1276 1323; x_wconf 87' lang='lat' dir='ltr'>stipendiis</span> <span class='ocrx_word' id='word_1_36' title='bbox 1325 1219 1639 1293; x_wconf 83' lang='lat' dir='ltr'>militum</span> <span class='ocrx_word' id='word_1_37' title='bbox 1692 1222 2066 1322; x_wconf 81' lang='lat' dir='ltr'>satagebat</span> <span class='ocrx_word' id='word_1_38' title='bbox 2131 1220 2571 1325; x_wconf 82' lang='lat' dir='ltr'>prouidere3</span> <span class='ocrx_word' id='word_1_39' title='bbox 2646 1245 2759 1294; x_wconf 81' lang='lat' dir='ltr'>sa-</span> 
     </span>
     <span class='ocr_line' id='line_1_8' title="bbox 572 1326 2758 1426; baseline -0.001 -24"><span class='ocrx_word' id='word_1_40' title='bbox 572 1328 772 1407; x_wconf 86' lang='lat' dir='ltr'>lubri</span> <span class='ocrx_word' id='word_1_41' title='bbox 810 1326 943 1403; x_wconf 86' lang='lat' dir='ltr'>hac</span> <span class='ocrx_word' id='word_1_42' title='bbox 990 1326 1514 1402; x_wconf 83' lang='lat' dir='ltr'>constitutione</span> <span class='ocrx_word' id='word_1_43' title='bbox 1575 1352 1769 1404; x_wconf 85' lang='lat' dir='ltr'>anno</span> <span class='ocrx_word' id='word_1_44' title='bbox 1818 1332 2046 1405; x_wconf 84' lang='lat'><strong>1492.</strong></span> <span class='ocrx_word' id='word_1_45' title='bbox 2106 1342 2247 1402; x_wconf 85' lang='lat' dir='ltr'>art.</span> <span class='ocrx_word' id='word_1_46' title='bbox 2296 1334 2363 1413; x_wconf 80' lang='grc'><strong>1,</strong></span> <span class='ocrx_word' id='word_1_47' title='bbox 2407 1328 2758 1426; x_wconf 83' lang='lat' dir='ltr'>antiqua·</span> 
     </span>
     <span class='ocr_line' id='line_1_9' title="bbox 566 1430 2824 1536; baseline -0.002 -24"><span class='ocrx_word' id='word_1_48' title='bbox 566 1453 685 1512; x_wconf 70' lang='lat' dir='ltr'>ta.</span> <span class='ocrx_word' id='word_1_49' title='bbox 745 1436 993 1536; x_wconf 81' lang='lat' dir='ltr'>„regia</span> <span class='ocrx_word' id='word_1_50' title='bbox 1030 1433 1369 1509; x_wconf 79' lang='lat' dir='ltr'>Maiestas</span> <span class='ocrx_word' id='word_1_51' title='bbox 1407 1430 2077 1526; x_wconf 80' lang='lat' dir='ltr'>contributionem‚</span> <span class='ocrx_word' id='word_1_52' title='bbox 2131 1458 2260 1510; x_wconf 90' lang='lat' dir='ltr'>seu</span> <span class='ocrx_word' id='word_1_53' title='bbox 2294 1451 2535 1509; x_wconf 85' lang='lat' dir='ltr'>taxam</span> <span class='ocrx_word' id='word_1_54' title='bbox 2579 1432 2755 1507; x_wconf 82' lang='lat' dir='ltr'>vni-</span> <span class='ocrx_word' id='word_1_55' title='bbox 2819 1477 2824 1481; x_wconf 91' lang='lat'><strong>·</strong></span> 
     </span>
     <span class='ocr_line' id='line_1_10' title="bbox 542 1535 2758 1642; baseline -0.001 -26"><span class='ocrx_word' id='word_1_56' title='bbox 542 1567 659 1618; x_wconf 84' lang='lat' dir='ltr'>-us</span> <span class='ocrx_word' id='word_1_57' title='bbox 689 1541 997 1633; x_wconf 72' lang='lat' dir='ltr'>flor-eni,</span> <span class='ocrx_word' id='word_1_58' title='bbox 1053 1535 1251 1613; x_wconf 87' lang='lat' dir='ltr'>nulla</span> <span class='ocrx_word' id='word_1_59' title='bbox 1294 1539 1582 1614; x_wconf 87' lang='lat' dir='ltr'>ratione</span> <span class='ocrx_word' id='word_1_60' title='bbox 1620 1543 1896 1641; x_wconf 82' lang='lat' dir='ltr'>exigat3</span> <span class='ocrx_word' id='word_1_61' title='bbox 1951 1540 2086 1617; x_wconf 87' lang='lat' dir='ltr'>sed</span> <span class='ocrx_word' id='word_1_62' title='bbox 2128 1542 2441 1642; x_wconf 78' lang='lat' dir='ltr'>antiquis</span> <span class='ocrx_word' id='word_1_63' title='bbox 2490 1539 2758 1631; x_wconf 80' lang='lat' dir='ltr'>iustis,</span> 
     </span>
     <span class='ocr_line' id='line_1_11' title="bbox 574 1644 2757 1749; baseline -0.002 -27"><span class='ocrx_word' id='word_1_64' title='bbox 574 1665 652 1722; x_wconf 85' lang='lat' dir='ltr'>et</span> <span class='ocrx_word' id='word_1_65' title='bbox 726 1646 1100 1725; x_wconf 82' lang='lat' dir='ltr'>consuetis</span> <span class='ocrx_word' id='word_1_66' title='bbox 1174 1644 1664 1748; x_wconf 88' lang='lat' dir='ltr'>prouentibus</span> <span class='ocrx_word' id='word_1_67' title='bbox 1731 1646 2104 1749; x_wconf 82' lang='lat' dir='ltr'>regalibus</span> <span class='ocrx_word' id='word_1_68' title='bbox 2187 1647 2281 1721; x_wconf 87' lang='lat' dir='ltr'>sit</span> <span class='ocrx_word' id='word_1_69' title='bbox 2341 1646 2757 1722; x_wconf 81' lang='lat' dir='ltr'>contentn“</span> 
     </span>
    </p>

    <p class='ocr_par' dir='ltr' id='par_1_3' title="bbox 572 1738 2759 1966">
     <span class='ocr_line' id='line_1_12' title="bbox 572 1738 2759 1857; baseline -0.001 -26"><span class='ocrx_word' id='word_1_70' title='bbox 572 1754 1019 1831; x_wconf 83' lang='lat' dir='ltr'>Wlndislaus</span> <span class='ocrx_word' id='word_1_71' title='bbox 1060 1754 1156 1826; x_wconf 91' lang='grc' dir='ltr'>Π.</span> <span class='ocrx_word' id='word_1_72' title='bbox 1199 1751 1551 1826; x_wconf 88' lang='lat' dir='ltr'>inuictam</span> <span class='ocrx_word' id='word_1_73' title='bbox 1603 1750 1918 1828; x_wconf 79' lang='lat' dir='ltr'>Mathine</span> <span class='ocrx_word' id='word_1_74' title='bbox 1972 1751 2278 1829; x_wconf 89' lang='lat' dir='ltr'>Coruini</span> <span class='ocrx_word' id='word_1_75' title='bbox 2313 1738 2759 1857; x_wconf 81' lang='lat' dir='ltr'>phalangem</span> 
     </span>
     <span class='ocr_line' id='line_1_13' title="bbox 572 1855 2759 1966; baseline 0 -31"><span class='ocrx_word' id='word_1_76' title='bbox 572 1862 859 1966; x_wconf 83' lang='lat' dir='ltr'>nigram</span> <span class='ocrx_word' id='word_1_77' title='bbox 893 1857 1279 1964; x_wconf 86' lang='lat' dir='ltr'>stipendiis</span> <span class='ocrx_word' id='word_1_78' title='bbox 1315 1856 1713 1933; x_wconf 79' lang='lat' dir='ltr'>destituere</span> <span class='ocrx_word' id='word_1_79' title='bbox 1742 1873 2037 1935; x_wconf 86' lang='lat' dir='ltr'>coactus</span> <span class='ocrx_word' id='word_1_80' title='bbox 2056 1855 2141 1955; x_wconf 88' lang='lat'>¹),</span> <span class='ocrx_word' id='word_1_81' title='bbox 2193 1883 2280 1935; x_wconf 84' lang='lat' dir='ltr'>ac</span> <span class='ocrx_word' id='word_1_82' title='bbox 2315 1855 2759 1935; x_wconf 72' lang='lat' dir='ltr'>Ludouicus</span> 
     </span>
    </p>
   </div>
   <div class='ocr_carea' id='block_1_3' title="bbox 564 2050 950 2070">
    <p class='ocr_par' dir='ltr' id='par_1_4' title="bbox 564 2050 950 2070">
     <span class='ocr_line' id='line_1_14' title="bbox 564 2050 950 2070; baseline 0 0"><span class='ocrx_word' id='word_1_83' title='bbox 564 2050 950 2070; x_wconf 95' lang='lat' dir='ltr'> </span> 
     </span>
    </p>
   </div>
   <div class='ocr_carea' id='block_1_4' title="bbox 668 2137 2802 4289">
    <p class='ocr_par' dir='ltr' id='par_1_5' title="bbox 668 2137 2802 4289">
     <span class='ocr_line' id='line_1_15' title="bbox 754 2137 2757 2218; baseline 0.002 -20"><span class='ocrx_word' id='word_1_84' title='bbox 754 2139 1039 2202; x_wconf 75' lang='lat' dir='ltr'>libertate</span> <span class='ocrx_word' id='word_1_85' title='bbox 1057 2181 1075 2215; x_wconf 86' lang='lat'><strong>,</strong></span> <span class='ocrx_word' id='word_1_86' title='bbox 1122 2137 1360 2201; x_wconf 78' lang='lat' dir='ltr'>denarii</span> <span class='ocrx_word' id='word_1_87' title='bbox 1411 2139 1861 2218; x_wconf 62' lang='lat' dir='ltr'>accipianturf‘</span> <span class='ocrx_word' id='word_1_88' title='bbox 1933 2138 2247 2201; x_wconf 71' lang='lat' dir='ltr'>coloman-</span> <span class='ocrx_word' id='word_1_89' title='bbox 2282 2139 2478 2202; x_wconf 71' lang='lat' dir='ltr'>Decr-</span> <span class='ocrx_word' id='word_1_90' title='bbox 2530 2140 2583 2207; x_wconf 88' lang='lat'>1.</span> <span class='ocrx_word' id='word_1_91' title='bbox 2630 2144 2757 2204; x_wconf 72' lang='lat' dir='ltr'>art.</span> 
     </span>
     <span class='ocr_line' id='line_1_16' title="bbox 759 2236 2754 2320; baseline -0.001 -16"><span class='ocrx_word' id='word_1_92' title='bbox 759 2239 864 2304; x_wconf 78' lang='lat'>⁷9.</span> <span class='ocrx_word' id='word_1_93' title='bbox 900 2236 1000 2303; x_wconf 85' lang='lat'>80.</span> <span class='ocrx_word' id='word_1_94' title='bbox 1035 2239 1558 2302; x_wconf 76' lang='lat' dir='ltr'>81.-Amiream</span> <span class='ocrx_word' id='word_1_95' title='bbox 1600 2257 1749 2303; x_wconf 81' lang='lat' dir='ltr'>vero</span> <span class='ocrx_word' id='word_1_96' title='bbox 1783 2257 1993 2320; x_wconf 81' lang='lat' dir='ltr'>regem</span> <span class='ocrx_word' id='word_1_97' title='bbox 2027 2244 2293 2303; x_wconf 80' lang='lat' dir='ltr'>comitati</span> <span class='ocrx_word' id='word_1_98' title='bbox 2330 2245 2473 2303; x_wconf 84' lang='lat' dir='ltr'>sunt</span> <span class='ocrx_word' id='word_1_99' title='bbox 2503 2241 2754 2320; x_wconf 70' lang='lat' dir='ltr'>quidam</span> 
     </span>
     <span class='ocr_line' id='line_1_17' title="bbox 767 2336 2760 2432; baseline 0.007 -36"><span class='ocrx_word' id='word_1_100' title='bbox 767 2336 1065 2401; x_wconf 79' lang='lat' dir='ltr'>duntaxat</span> <span class='ocrx_word' id='word_1_101' title='bbox 1092 2341 1415 2421; x_wconf 79' lang='lat' dir='ltr'>Episcopi,</span> <span class='ocrx_word' id='word_1_102' title='bbox 1448 2343 1773 2432; x_wconf 54' lang='lat' dir='ltr'>perones,</span> <span class='ocrx_word' id='word_1_103' title='bbox 1818 2359 1892 2409; x_wconf 68' lang='lat' dir='ltr'>ac</span> <span class='ocrx_word' id='word_1_104' title='bbox 1928 2343 2188 2407; x_wconf 79' lang='lat' dir='ltr'>Nobiles</span> <span class='ocrx_word' id='word_1_105' title='bbox 2221 2343 2370 2406; x_wconf 81' lang='lat' dir='ltr'>adeo</span> <span class='ocrx_word' id='word_1_106' title='bbox 2404 2346 2638 2422; x_wconf 75' lang='lat' dir='ltr'>libere,</span> <span class='ocrx_word' id='word_1_107' title='bbox 2685 2350 2760 2409; x_wconf 74' lang='lat' dir='ltr'>vt</span> 
     </span>
     <span class='ocr_line' id='line_1_18' title="bbox 760 2443 2757 2518; baseline 0.006 -18"><span class='ocrx_word' id='word_1_108' title='bbox 760 2443 939 2501; x_wconf 83' lang='lat' dir='ltr'>multi</span> <span class='ocrx_word' id='word_1_109' title='bbox 974 2444 1154 2503; x_wconf 84' lang='lat' dir='ltr'>etiam</span> <span class='ocrx_word' id='word_1_110' title='bbox 1183 2447 1324 2504; x_wconf 78' lang='lat' dir='ltr'>voto</span> <span class='ocrx_word' id='word_1_111' title='bbox 1356 2445 1670 2518; x_wconf 77' lang='lat' dir='ltr'>obstricti,</span> <span class='ocrx_word' id='word_1_112' title='bbox 1717 2445 1792 2505; x_wconf 86' lang='lat' dir='ltr'>ab</span> <span class='ocrx_word' id='word_1_113' title='bbox 1817 2445 2170 2507; x_wconf 75' lang='lat' dir='ltr'>Innocentio</span> <span class='ocrx_word' id='word_1_114' title='bbox 2202 2445 2319 2510; x_wconf 81' lang='lat'>111.</span> <span class='ocrx_word' id='word_1_115' title='bbox 2348 2449 2470 2508; x_wconf 89' lang='grc' dir='ltr'>ΡΡ.</span> <span class='ocrx_word' id='word_1_116' title='bbox 2501 2449 2628 2508; x_wconf 85' lang='lat' dir='ltr'>tam</span> <span class='ocrx_word' id='word_1_117' title='bbox 2665 2464 2757 2511; x_wconf 81' lang='lat' dir='ltr'>ex</span> 
     </span>
     <span class='ocr_line' id='line_1_19' title="bbox 758 2550 2760 2630; baseline 0.004 -24"><span class='ocrx_word' id='word_1_118' title='bbox 758 2550 1153 2624; x_wconf 71' lang='lat' dir='ltr'>optimatibus</span> <span class='ocrx_word' id='word_1_119' title='bbox 1173 2593 1191 2626; x_wconf 86' lang='lat'><strong>,</strong></span> <span class='ocrx_word' id='word_1_120' title='bbox 1237 2552 1456 2626; x_wconf 82' lang='lat' dir='ltr'>quibus</span> <span class='ocrx_word' id='word_1_121' title='bbox 1517 2550 1793 2615; x_wconf 75' lang='lat' dir='ltr'>Andreas</span> <span class='ocrx_word' id='word_1_122' title='bbox 1851 2553 1992 2613; x_wconf 83' lang='lat' dir='ltr'>Rex</span> <span class='ocrx_word' id='word_1_123' title='bbox 2024 2570 2233 2613; x_wconf 87' lang='lat' dir='ltr'>curam</span> <span class='ocrx_word' id='word_1_124' title='bbox 2279 2554 2463 2630; x_wconf 82' lang='lat' dir='ltr'>regni</span> <span class='ocrx_word' id='word_1_125' title='bbox 2496 2556 2760 2614; x_wconf 87' lang='lat' dir='ltr'>commi-</span> 
     </span>
     <span class='ocr_line' id='line_1_20' title="bbox 768 2649 2762 2733; baseline 0.005 -26"><span class='ocrx_word' id='word_1_126' title='bbox 768 2649 886 2723; x_wconf 83' lang='lat' dir='ltr'>sit,</span> <span class='ocrx_word' id='word_1_127' title='bbox 934 2666 1108 2725; x_wconf 69' lang='lat' dir='ltr'>qnam</span> <span class='ocrx_word' id='word_1_128' title='bbox 1146 2668 1229 2711; x_wconf 83' lang='lat' dir='ltr'>ex</span> <span class='ocrx_word' id='word_1_129' title='bbox 1278 2652 1639 2733; x_wconf 75' lang='lat' dir='ltr'>Episcopis,</span> <span class='ocrx_word' id='word_1_130' title='bbox 1685 2655 1809 2714; x_wconf 85' lang='lat' dir='ltr'>sint</span> <span class='ocrx_word' id='word_1_131' title='bbox 1845 2653 2133 2718; x_wconf 72' lang='lat' dir='ltr'>absolutit</span> <span class='ocrx_word' id='word_1_132' title='bbox 2189 2655 2267 2717; x_wconf 83' lang='lat' dir='ltr'>V.</span> <span class='ocrx_word' id='word_1_133' title='bbox 2301 2653 2375 2715; x_wconf 77' lang='lat' dir='ltr'>ad</span> <span class='ocrx_word' id='word_1_134' title='bbox 2425 2670 2522 2721; x_wconf 75' lang='grc' dir='ltr'>ιιι.</span> <span class='ocrx_word' id='word_1_135' title='bbox 2559 2658 2762 2720; x_wconf 79' lang='grc'><strong>1217.</strong></span> 
     </span>
     <span class='ocr_line' id='line_1_21' title="bbox 766 2748 2759 2834; baseline 0.006 -26"><span class='ocrx_word' id='word_1_136' title='bbox 766 2750 831 2808; x_wconf 87' lang='lat' dir='ltr'>in</span> <span class='ocrx_word' id='word_1_137' title='bbox 858 2748 1102 2816; x_wconf 75' lang='lat' dir='ltr'>Codice.</span> <span class='ocrx_word' id='word_1_138' title='bbox 1147 2752 1247 2812; x_wconf 82' lang='lat' dir='ltr'>Ex</span> <span class='ocrx_word' id='word_1_139' title='bbox 1285 2753 1612 2833; x_wconf 83' lang='lat' dir='ltr'>Episcopis</span> <span class='ocrx_word' id='word_1_140' title='bbox 1645 2756 1761 2816; x_wconf 86' lang='lat' dir='ltr'>soli</span> <span class='ocrx_word' id='word_1_141' title='bbox 1802 2756 2163 2833; x_wconf 83' lang='lat' dir='ltr'>Agriensis,</span> <span class='ocrx_word' id='word_1_142' title='bbox 2208 2772 2282 2816; x_wconf 78' lang='lat' dir='ltr'>nc</span> <span class='ocrx_word' id='word_1_143' title='bbox 2319 2758 2759 2834; x_wconf 75' lang='lat' dir='ltr'>laurinensis3</span> 
     </span>
     <span class='ocr_line' id='line_1_22' title="bbox 758 2853 2764 2939; baseline 0.005 -27"><span class='ocrx_word' id='word_1_144' title='bbox 758 2868 852 2913; x_wconf 80' lang='lat' dir='ltr'>ex</span> <span class='ocrx_word' id='word_1_145' title='bbox 894 2853 1237 2918; x_wconf 74' lang='lat' dir='ltr'>Baronibus</span> <span class='ocrx_word' id='word_1_146' title='bbox 1274 2859 1496 2919; x_wconf 87' lang='lat' dir='ltr'>vnicus</span> <span class='ocrx_word' id='word_1_147' title='bbox 1528 2859 1865 2933; x_wconf 79' lang='lat' dir='ltr'>Dionysius</span> <span class='ocrx_word' id='word_1_148' title='bbox 1911 2859 2010 2920; x_wconf 77' lang='lat' dir='ltr'>M.</span> <span class='ocrx_word' id='word_1_149' title='bbox 2044 2862 2530 2921; x_wconf 81' lang='lat' dir='ltr'>Tauernieorum</span> <span class='ocrx_word' id='word_1_150' title='bbox 2563 2862 2764 2939; x_wconf 71' lang='lat' dir='ltr'>regn-</span> 
     </span>
     <span class='ocr_line' id='line_1_23' title="bbox 764 2956 2767 3030; baseline 0.005 -16"><span class='ocrx_word' id='word_1_151' title='bbox 764 2956 919 3015; x_wconf 83' lang='lat' dir='ltr'>&#39;lium</span> <span class='ocrx_word' id='word_1_152' title='bbox 938 2997 954 3030; x_wconf 91' lang='lat'>,</span> <span class='ocrx_word' id='word_1_153' title='bbox 997 2972 1133 3016; x_wconf 85' lang='lat' dir='ltr'>cmn</span> <span class='ocrx_word' id='word_1_154' title='bbox 1165 2956 1372 3020; x_wconf 85' lang='lat' dir='ltr'>decem</span> <span class='ocrx_word' id='word_1_155' title='bbox 1404 2960 1673 3020; x_wconf 87' lang='lat' dir='ltr'>millibus</span> <span class='ocrx_word' id='word_1_156' title='bbox 1692 2962 2000 3023; x_wconf 81' lang='lat' dir='ltr'>Saxonum</span> <span class='ocrx_word' id='word_1_157' title='bbox 2028 2977 2106 3020; x_wconf 79' lang='lat' dir='ltr'>nc</span> <span class='ocrx_word' id='word_1_158' title='bbox 2129 2960 2556 3022; x_wconf 78' lang='lat' dir='ltr'>cruciatorum</span> <span class='ocrx_word' id='word_1_159' title='bbox 2584 2979 2767 3024; x_wconf 90' lang='lat' dir='ltr'>com-</span> 
     </span>
     <span class='ocr_line' id='line_1_24' title="bbox 764 3060 2767 3140; baseline 0.004 -22"><span class='ocrx_word' id='word_1_160' title='bbox 764 3060 1084 3136; x_wconf 84' lang='lat' dir='ltr'>periuntur</span> <span class='ocrx_word' id='word_1_161' title='bbox 1115 3062 1177 3121; x_wconf 91' lang='lat' dir='ltr'>in</span> <span class='ocrx_word' id='word_1_162' title='bbox 1209 3062 1619 3123; x_wconf 73' lang='lat' dir='ltr'>Palaestinam</span> <span class='ocrx_word' id='word_1_163' title='bbox 1654 3062 1933 3140; x_wconf 80' lang='lat' dir='ltr'>profecti.</span> <span class='ocrx_word' id='word_1_164' title='bbox 2011 3063 2082 3125; x_wconf 84' lang='lat' dir='ltr'>A.</span> <span class='ocrx_word' id='word_1_165' title='bbox 2115 3062 2368 3123; x_wconf 78' lang='lat' dir='ltr'>Discon.</span> <span class='ocrx_word' id='word_1_166' title='bbox 2405 3061 2481 3126; x_wconf 89' lang='lat' dir='ltr'>de</span> <span class='ocrx_word' id='word_1_167' title='bbox 2523 3067 2767 3128; x_wconf 71' lang='lat' dir='ltr'>Passa-</span> 
     </span>
     <span class='ocr_line' id='line_1_25' title="bbox 772 3163 2767 3243; baseline 0.003 -20"><span class='ocrx_word' id='word_1_168' title='bbox 772 3166 879 3242; x_wconf 85' lang='lat' dir='ltr'>gio</span> <span class='ocrx_word' id='word_1_169' title='bbox 915 3163 1230 3241; x_wconf 76' lang='lat' dir='ltr'>Andreae,</span> <span class='ocrx_word' id='word_1_170' title='bbox 1277 3169 1320 3226; x_wconf 91' lang='lat' dir='ltr'>l.</span> <span class='ocrx_word' id='word_1_171' title='bbox 1365 3182 1424 3226; x_wconf 87' lang='lat' dir='ltr'>e.</span> <span class='ocrx_word' id='word_1_172' title='bbox 1466 3182 1596 3243; x_wconf 83' lang='lat' dir='ltr'>cap.</span> <span class='ocrx_word' id='word_1_173' title='bbox 1629 3165 1853 3224; x_wconf 81' lang='lat' dir='ltr'>xxvl.</span> <span class='ocrx_word' id='word_1_174' title='bbox 1891 3165 2111 3230; x_wconf 82' lang='lat' dir='ltr'>Clu-on.</span> <span class='ocrx_word' id='word_1_175' title='bbox 2149 3164 2305 3243; x_wconf 81' lang='lat' dir='ltr'>apud</span> <span class='ocrx_word' id='word_1_176' title='bbox 2338 3164 2463 3227; x_wconf 85' lang='lat' dir='ltr'>Pez</span> <span class='ocrx_word' id='word_1_177' title='bbox 2501 3168 2678 3234; x_wconf 82' lang='lat' dir='ltr'>Tom.</span> <span class='ocrx_word' id='word_1_178' title='bbox 2711 3170 2767 3233; x_wconf 77' lang='grc' dir='ltr'>Ι.</span> 
     </span>
     <span class='ocr_line' id='line_1_26' title="bbox 775 3256 2770 3350; baseline -0.001 -17"><span class='ocrx_word' id='word_1_179' title='bbox 775 3274 896 3337; x_wconf 91' lang='lat' dir='ltr'>col.</span> <span class='ocrx_word' id='word_1_180' title='bbox 939 3274 1085 3334; x_wconf 72' lang='lat'>452.</span> <span class='ocrx_word' id='word_1_181' title='bbox 1130 3256 1598 3334; x_wconf 68' lang='lat' dir='ltr'>Illustrissimus</span> <span class='ocrx_word' id='word_1_182' title='bbox 1647 3274 1822 3349; x_wconf 81' lang='lat' dir='ltr'>proin</span> <span class='ocrx_word' id='word_1_183' title='bbox 1871 3273 2150 3350; x_wconf 85' lang='lat' dir='ltr'>Scriptor</span> <span class='ocrx_word' id='word_1_184' title='bbox 2186 3276 2482 3333; x_wconf 77' lang='lat' dir='ltr'>rationem</span> <span class='ocrx_word' id='word_1_185' title='bbox 2531 3276 2595 3334; x_wconf 86' lang='lat' dir='ltr'>et</span> <span class='ocrx_word' id='word_1_186' title='bbox 2650 3292 2770 3335; x_wconf 82' lang='lat' dir='ltr'>oc-</span> 
     </span>
     <span class='ocr_line' id='line_1_27' title="bbox 670 3374 2766 3458; baseline 0.001 -23"><span class='ocrx_word' id='word_1_187' title='bbox 670 3432 680 3441; x_wconf 81' lang='grc'>,</span> <span class='ocrx_word' id='word_1_188' title='bbox 774 3377 1086 3436; x_wconf 84' lang='lat' dir='ltr'>casionem</span> <span class='ocrx_word' id='word_1_189' title='bbox 1132 3376 1524 3434; x_wconf 79' lang='lat' dir='ltr'>articulorum</span> <span class='ocrx_word' id='word_1_190' title='bbox 1571 3376 1647 3440; x_wconf 92' lang='lat'>11.</span> <span class='ocrx_word' id='word_1_191' title='bbox 1684 3392 1756 3436; x_wconf 81' lang='lat' dir='ltr'>ac</span> <span class='ocrx_word' id='word_1_192' title='bbox 1802 3374 1938 3437; x_wconf 86' lang='lat' dir='ltr'>VII.</span> <span class='ocrx_word' id='word_1_193' title='bbox 1971 3379 2416 3437; x_wconf 76' lang='lat' dir='ltr'>tumultuariam</span> <span class='ocrx_word' id='word_1_194' title='bbox 2453 3376 2766 3458; x_wconf 71' lang='lat' dir='ltr'>seruien-</span> 
     </span>
     <span class='ocr_line' id='line_1_28' title="bbox 774 3468 2802 3559; baseline 0.005 -19"><span class='ocrx_word' id='word_1_195' title='bbox 774 3484 928 3541; x_wconf 88' lang='lat' dir='ltr'>tium</span> <span class='ocrx_word' id='word_1_196' title='bbox 961 3480 1297 3559; x_wconf 77' lang='lat' dir='ltr'>licentiam,</span> <span class='ocrx_word' id='word_1_197' title='bbox 1334 3481 1581 3540; x_wconf 87' lang='lat' dir='ltr'>sincere</span> <span class='ocrx_word' id='word_1_198' title='bbox 1615 3498 1731 3541; x_wconf 84' lang='lat' dir='ltr'>non</span> <span class='ocrx_word' id='word_1_199' title='bbox 1757 3481 2034 3559; x_wconf 84' lang='lat' dir='ltr'>prodidit.</span> <span class='ocrx_word' id='word_1_200' title='bbox 2219 3484 2226 3491; x_wconf 79' lang='grc'><em>“</em></span> <span class='ocrx_word' id='word_1_201' title='bbox 2793 3468 2802 3473; x_wconf 44' lang='grc'><em>’</em></span> 
     </span>
     <span class='ocr_line' id='line_1_29' title="bbox 668 3573 2768 3666; baseline 0 -22"><span class='ocrx_word' id='word_1_202' title='bbox 668 3573 737 3666; x_wconf 88' lang='grc'><strong>1)</strong></span> <span class='ocrx_word' id='word_1_203' title='bbox 780 3580 830 3640; x_wconf 85' lang='lat' dir='ltr'><strong>E</strong></span> <span class='ocrx_word' id='word_1_204' title='bbox 869 3582 1098 3656; x_wconf 87' lang='lat' dir='ltr'>turbis,</span> <span class='ocrx_word' id='word_1_205' title='bbox 1148 3590 1295 3656; x_wconf 79' lang='lat' dir='ltr'>quas</span> <span class='ocrx_word' id='word_1_206' title='bbox 1337 3581 1706 3657; x_wconf 82' lang='lat' dir='ltr'>stipendium</span> <span class='ocrx_word' id='word_1_207' title='bbox 1743 3584 2036 3645; x_wconf 81' lang='lat' dir='ltr'>militibus</span> <span class='ocrx_word' id='word_1_208' title='bbox 2081 3585 2237 3645; x_wconf 73' lang='lat' dir='ltr'>haud</span> <span class='ocrx_word' id='word_1_209' title='bbox 2276 3583 2768 3661; x_wconf 72' lang='lat' dir='ltr'>suppeditatum,</span> 
     </span>
     <span class='ocr_line' id='line_1_30' title="bbox 773 3682 2767 3766; baseline 0.004 -25"><span class='ocrx_word' id='word_1_210' title='bbox 773 3682 1084 3742; x_wconf 87' lang='lat' dir='ltr'>concierat</span> <span class='ocrx_word' id='word_1_211' title='bbox 1108 3729 1128 3761; x_wconf 89' lang='lat'><strong><em>,</em></strong></span> <span class='ocrx_word' id='word_1_212' title='bbox 1173 3699 1306 3742; x_wconf 85' lang='lat' dir='ltr'>eam</span> <span class='ocrx_word' id='word_1_213' title='bbox 1354 3698 1753 3744; x_wconf 86' lang='lat' dir='ltr'>commemoro</span> <span class='ocrx_word' id='word_1_214' title='bbox 1777 3732 1795 3762; x_wconf 89' lang='lat'>,</span> <span class='ocrx_word' id='word_1_215' title='bbox 1841 3702 1989 3760; x_wconf 75' lang='lat' dir='ltr'>quae</span> <span class='ocrx_word' id='word_1_216' title='bbox 2034 3690 2269 3765; x_wconf 84' lang='lat' dir='ltr'>legioni</span> <span class='ocrx_word' id='word_1_217' title='bbox 2319 3690 2538 3766; x_wconf 70' lang='lat' dir='ltr'>nigrae</span> <span class='ocrx_word' id='word_1_218' title='bbox 2579 3689 2767 3765; x_wconf 75' lang='lat' dir='ltr'>regis</span> 
     </span>
     <span class='ocr_line' id='line_1_31' title="bbox 772 3786 2773 3873; baseline 0.003 -24"><span class='ocrx_word' id='word_1_219' title='bbox 772 3786 1083 3863; x_wconf 82' lang='lat' dir='ltr'>Mathiae,</span> <span class='ocrx_word' id='word_1_220' title='bbox 1129 3795 1213 3851; x_wconf 87' lang='lat' dir='ltr'>tot</span> <span class='ocrx_word' id='word_1_221' title='bbox 1250 3793 1535 3853; x_wconf 75' lang='lat' dir='ltr'>victoriis</span> <span class='ocrx_word' id='word_1_222' title='bbox 1573 3792 1828 3871; x_wconf 79' lang='lat' dir='ltr'>insigni,</span> <span class='ocrx_word' id='word_1_223' title='bbox 1874 3796 2101 3873; x_wconf 82' lang='lat' dir='ltr'>exitio,</span> <span class='ocrx_word' id='word_1_224' title='bbox 2143 3796 2524 3872; x_wconf 79' lang='lat' dir='ltr'>reipublicae</span> <span class='ocrx_word' id='word_1_225' title='bbox 2560 3798 2773 3856; x_wconf 72' lang='lat' dir='ltr'>auten</span> 
     </span>
     <span class='ocr_line' id='line_1_32' title="bbox 774 3887 2769 3974; baseline 0.004 -24"><span class='ocrx_word' id='word_1_226' title='bbox 774 3887 988 3950; x_wconf 87' lang='lat' dir='ltr'>damno</span> <span class='ocrx_word' id='word_1_227' title='bbox 1023 3892 1286 3971; x_wconf 78' lang='lat' dir='ltr'>maximo</span> <span class='ocrx_word' id='word_1_228' title='bbox 1321 3893 1483 3952; x_wconf 86' lang='lat' dir='ltr'>fuit:</span> <span class='ocrx_word' id='word_1_229' title='bbox 1526 3892 1811 3973; x_wconf 68' lang='lat' dir='ltr'>„Bosmi,</span> <span class='ocrx_word' id='word_1_230' title='bbox 1856 3899 2095 3956; x_wconf 79' lang='lat' dir='ltr'>causati</span> <span class='ocrx_word' id='word_1_231' title='bbox 2145 3897 2446 3974; x_wconf 84' lang='lat' dir='ltr'>stipendio</span> <span class='ocrx_word' id='word_1_232' title='bbox 2479 3913 2549 3959; x_wconf 87' lang='lat' dir='ltr'>se</span> <span class='ocrx_word' id='word_1_233' title='bbox 2588 3899 2769 3958; x_wconf 66' lang='lat' dir='ltr'>stau·</span> 
     </span>
     <span class='ocr_line' id='line_1_33' title="bbox 778 3991 2767 4078; baseline 0.005 -27"><span class='ocrx_word' id='word_1_234' title='bbox 778 3991 947 4072; x_wconf 79' lang='lat' dir='ltr'>dari,</span> <span class='ocrx_word' id='word_1_235' title='bbox 990 3993 1270 4055; x_wconf 84' lang='lat' dir='ltr'>hostibus</span> <span class='ocrx_word' id='word_1_236' title='bbox 1314 4009 1503 4073; x_wconf 84' lang='lat' dir='ltr'>prope</span> <span class='ocrx_word' id='word_1_237' title='bbox 1534 3998 1925 4076; x_wconf 81' lang='lat' dir='ltr'>infestiores,</span> <span class='ocrx_word' id='word_1_238' title='bbox 1961 4015 2077 4075; x_wconf 88' lang='lat' dir='ltr'>per</span> <span class='ocrx_word' id='word_1_239' title='bbox 2114 4016 2299 4077; x_wconf 76' lang='lat' dir='ltr'>agros</span> <span class='ocrx_word' id='word_1_240' title='bbox 2333 4001 2550 4078; x_wconf 76' lang='lat' dir='ltr'>vagari</span> <span class='ocrx_word' id='word_1_241' title='bbox 2594 4001 2767 4061; x_wconf 85' lang='lat' dir='ltr'>inci-</span> 
     </span>
     <span class='ocr_line' id='line_1_34' title="bbox 776 4086 2765 4180; baseline 0.005 -27"><span class='ocrx_word' id='word_1_242' title='bbox 776 4086 986 4175; x_wconf 78' lang='lat' dir='ltr'>piunt,</span> <span class='ocrx_word' id='word_1_243' title='bbox 1032 4101 1094 4155; x_wconf 88' lang='lat' dir='ltr'>et</span> <span class='ocrx_word' id='word_1_244' title='bbox 1141 4114 1243 4175; x_wconf 89' lang='lat' dir='ltr'>se,</span> <span class='ocrx_word' id='word_1_245' title='bbox 1289 4097 1666 4171; x_wconf 86' lang='lat' dir='ltr'>iumentaque</span> <span class='ocrx_word' id='word_1_246' title='bbox 1704 4100 1930 4174; x_wconf 78' lang='lat' dir='ltr'>absque</span> <span class='ocrx_word' id='word_1_247' title='bbox 1975 4102 2170 4177; x_wconf 85' lang='lat' dir='ltr'>pretio</span> <span class='ocrx_word' id='word_1_248' title='bbox 2207 4103 2407 4180; x_wconf 85' lang='lat' dir='ltr'>alere,</span> <span class='ocrx_word' id='word_1_249' title='bbox 2470 4117 2586 4164; x_wconf 87' lang='lat' dir='ltr'>nec</span> <span class='ocrx_word' id='word_1_250' title='bbox 2622 4118 2765 4163; x_wconf 86' lang='lat' dir='ltr'>mo-</span> 
     </span>
     <span class='ocr_line' id='line_1_35' title="bbox 780 4200 2767 4289; baseline 0.004 -29"><span class='ocrx_word' id='word_1_251' title='bbox 780 4200 852 4261; x_wconf 83' lang='lat' dir='ltr'>do</span> <span class='ocrx_word' id='word_1_252' title='bbox 886 4205 1200 4265; x_wconf 80' lang='lat' dir='ltr'>esculenta</span> <span class='ocrx_word' id='word_1_253' title='bbox 1241 4203 1725 4279; x_wconf 80' lang='lat' dir='ltr'>agricultoribus</span> <span class='ocrx_word' id='word_1_254' title='bbox 1771 4206 2046 4289; x_wconf 70' lang='lat' dir='ltr'>eripere,</span> <span class='ocrx_word' id='word_1_255' title='bbox 2097 4203 2204 4267; x_wconf 82' lang='lat' dir='ltr'>sed</span> <span class='ocrx_word' id='word_1_256' title='bbox 2238 4209 2418 4268; x_wconf 82' lang='lat' dir='ltr'>etiam</span> <span class='ocrx_word' id='word_1_257' title='bbox 2465 4203 2560 4284; x_wconf 86' lang='lat' dir='ltr'>id,</span> <span class='ocrx_word' id='word_1_258' title='bbox 2606 4203 2767 4284; x_wconf 75' lang='lat' dir='ltr'>quod</span> 
     </span>
    </p>
   </div>
  </div>
 </body>
</html>
