2875 4842
650 463 804 534 208

545 685 791 770 gente.
883 664 963 743 A*
1003 662 1581 772 quibusquidem
1636 668 1915 757 octavis
1964 664 2130 749 festi
2187 665 2390 744 beati
2436 662 2732 771 Georgii

551 774 885 851 Martiris
939 770 1115 850 dum
1187 768 1541 863 discussio
1610 776 2138 879 premissorum
2195 774 2417 850 Juxta
2471 777 2735 851 seriem

552 882 967 958 litterarum
1008 880 1183 955 dicti
1219 880 1522 956 Domini
1564 880 1857 959 Nicolai
1896 882 1994 961 de
2033 884 2229 958 Gara
2264 882 2571 956 Palatini
2618 882 2729 956 di-

414 986 443 1015 “
549 990 740 1081 lata,
796 1006 871 1064 et
927 988 1262 1090 Reginali
1323 987 1769 1062 litteratorio
1823 986 2167 1067 mandato
2223 988 2314 1065 ad
2359 1006 2734 1093 presentes

544 1113 839 1171 octavas
885 1088 1054 1170 festi
1094 1093 1294 1171 beati
1332 1091 1711 1170 Michaelis
1733 1094 2175 1201 Archangeli
2208 1093 2572 1201 protelata
2620 1121 2735 1170 ex-

543 1204 829 1278 titisset.
894 1200 1248 1276 Tandem
1293 1199 1468 1307 ipsis
1516 1204 1794 1281 octavis
1847 1203 2289 1278 instantibus
2338 1197 2735 1305 medioque

545 1326 894 1413 tempore
931 1309 1093 1413 ipso
1129 1304 1415 1383 bonore
1468 1305 1911 1385 Palatinatus
1954 1309 2050 1384 ab
2086 1309 2254 1415 ipso
2286 1294 2603 1384 Nicolao
2644 1303 2732 1382 de

544 1417 745 1491 Gara
777 1415 1027 1490 ablato
1050 1470 1071 1505 ‚
1129 1428 1203 1487 et
1244 1411 1522 1502 eodem,
1552 1411 2014 1517 bonoreper
2052 1416 2455 1519 reginalem
2489 1412 2725 1518 maje-

428 1556 435 1567 ,
540 1540 800 1598 statem
838 1521 1056 1597 nobis
1106 1519 1381 1595 collato
1427 1520 1701 1625 prefati
1742 1522 2090 1625 magister
2131 1525 2391 1599 Petrus
2434 1521 2733 1614 Paulus,

541 1647 618 1704 et
666 1627 1036 1705 Johannes
1090 1624 1220 1730 fily
1258 1625 1550 1704 Nicolai
1608 1626 2102 1734 personaliter
2137 1626 2215 1703 in
2259 1646 2585 1703 nostram
2617 1654 2730 1703 ac·

540 1734 891 1812 cedentes
938 1732 1388 1838 presentiam
1449 1733 1803 1838 quasdam
1853 1732 2134 1813 litteras
2165 1733 2488 1838 predicti
2519 1731 2728 1810 Con-

514 1840 823 1917 ventus‘
875 1840 1330 1916 Zaladiensis
1380 1864 1611 1947 super
1687 1840 2061 1947 premissis
2141 1838 2724 1945 rescriptionales

538 1946 757 2026 nobis
790 1963 1330 2050 presentarunt,
1348 1946 1548 2023 hunc
1567 1966 1905 2025 tenorem
1924 1949 2421 2024 continentes:
2450 1944 2570 2019 Ma
2673 1947 2725 2022 i·

539 2053 685 2130 fico
736 2055 939 2137 viro.
997 2072 1075 2129 et
1130 2053 1440 2130 honesto
1496 2054 1801 2131 domino
1840 2054 2155 2132 Nicolao
2193 2053 2288 2130 de
2339 2046 2535 2128 Gara
2577 1974 2725 2130 {ne-

538 2162 680 2266 gni.
726 2163 1133 2261 Hungarie·
1163 2157 1533 2255 Palatino,
1590 2178 1667 2237 et
1715 2159 1964 2237 Judici
2019 2158 2417 2236 Cuma'nor.
2477 2156 2727 2235 Domi·

539 2294 669 2361 110,
695 2285 766 2344 et
784 2268 1024 2342 amico
1058 2292 1320 2351 eorum
1342 2293 1507 2343 cum
1533 2262 1826 2345 bonore
1866 2281 2276 2345 conventus
2295 2267 2726 2368 Monastery

540 2375 744 2451 Beati
808 2371 1112 2450 Adriani
1165 2370 1485 2449 Martii-is
1542 2372 1636 2451 de
1699 2371 1886 2448 Zala
1935 2375 2328 2451 amicitiam
2390 2389 2723 2477 paratam

533 2472 791 2559 debito
834 2508 1007 2556 cum
1039 2480 1326 2556 honore
1365 2480 1623 2556 litteris
1658 2482 1914 2558 vestris
1958 2478 2512 2585 adjudicatoriis
2549 2507 2721 2557 mo-

537 2590 718 2663 dum
741 2606 816 2663 et
851 2578 1163 2685 ffirmam
1189 2604 1429 2664 vestre
1448 2587 1496 2660 J
1500 2587 1850 2664 udiciarie
1868 2585 2366 2690 dispositionis
2381 2585 2458 2660 in
2482 2612 2564 2663 se
2584 2614 2725 2663 ex-

532 2691 1022 2817 primentibus
1080 2693 1294 2770 nobis
1343 2693 1641 2771 directis
1695 2691 2185 2773 amicabiliter
2218 2695 2592 2797 receptis,
2647 2690 2724 2771 et

567 2817 740 2875 uxta
788 2799 1191 2877 earundem
1246 2803 1774 2899 continentiam
1821 2829 1969 2878 una
2004 2826 2175 2877 cum
2214 2800 2603 2879 Clemente
2645 2792 2754 2876 fis

532 2828 641 2983 lio
681 2900 1037 2983 Johannis
1060 2905 1152 2982 de
1178 2904 1841 2984 Horvatbkuth·—-
1875 2944 1988 2966 —
2017 2924 2265 2983 vestro
2322 2906 2398 2980 in
2438 2904 2720 3005 eisdem
2832 2966 2844 2979 .

532 3013 794 3093 litteris
830 3013 1098 3089 vestris
1130 3010 1322 3090 inter
1352 3015 1544 3111 ‘alios
1580 3040 1929 3123 expresso
1967 3030 2301 3091 nostrum
2338 3004 2719 3090 liominem

533 3117 883 3197 videlicet
922 3118 1382 3225 Religiosum
1418 3123 1658 3198 virum
1701 3119 2006 3198 fratrem
2027 3121 2436 3225 Georgium
2468 3145 2713 3197 sacer·
2843 3130 2850 3137 ’

530 3227 836 3321 dotem,
894 3253 1124 3301 unum
1189 3255 1281 3304 ex
1337 3227 1555 3305 nobis
1615 3228 1707 3304 ad
1765 3246 2111 3305 contenta
2157 3226 2567 3302 earundem
2609 3266 2715 3285 —··

528 3352 945 3413 vestrarum
984 3330 1320 3411 facienda
1345 3391 1368 3430 ‚
1424 3355 1501 3412 et
1541 3335 1960 3441 peragenda
2001 3350 2259 3410 nostro
2298 3332 2439 3441 pro
2494 3338 2719 3410 testi-

529 3441 785 3516 monio
838 3436 1186 3515 duximus
1245 3439 1785 3518 destinandum.
1877 3440 2024 3531 Qui
2083 3440 2386 3516 demum
2436 3440 2533 3515 ad
2572 3468 2718 3518 nos

530 3545 803 3622 exinde
845 3549 1122 3625 reversi
1179 3546 1400 3622 nobis
1445 3546 1892 3625 concordiae
1945 3550 2390 3624 retulerunt.
2481 3540 2713 3635 Quod

528 3651 726 3727 idem
784 3648 1009 3728 homo
1051 3673 1292 3731 vester
1345 3673 1688 3759 presente
1730 3655 2142 3760 prescripto
2194 3669 2449 3729 nostro
2491 3656 2706 3731 testi-

526 3758 788 3835 monio
839 3756 1025 3834 feria
1059 3767 1273 3838 tertia
1312 3765 1651 3869 proxima
1701 3781 1873 3865 post
1906 3758 2170 3838 festum
2211 3759 2404 3835 beati
2449 3761 2709 3859 Geor-

522 3891 627 3970 gy
688 3865 1013 3940 Martii-is
1060 3868 1399 3970 proxime
1451 3871 1888 3975 preteritum
1941 3868 2232 3967 evoluta
2282 3864 2374 3943 ad
2437 3863 2706 3947 faciem·

524 3972 1005 4075 possessionis
1034 3972 1381 4079 Zakachy
1415 3994 1838 4082 nuncupate
1880 3975 2177 4069 vicinis,
2230 3991 2307 4051 et
2357 3997 2704 4053 comme-

524 4080 761 4155 taneis
810 4079 956 4155 suis
1017 4081 1380 4157 universis
1433 4086 1510 4159 in
1556 4084 1668 4158 ibi
1716 4082 2039 4189 legitime
2097 4082 2564 4177 convocatis,
2618 4100 2702 4160 et

521 4185 989 4290 presentibus
1044 4187 1506 4293 accesissent.
1594 4190 1864 4301 Ibique
1910 4188 2262 4295 quasdam
2311 4184 2703 4299 portiones
