2875 4842
690 487 839 554 100

791 692 1089 769 cubitus
1146 690 1375 768 duelli
1438 682 1897 779 confectam,
1963 687 2472 810 continentes,
2530 680 2755 784 priui-

792 798 1147 898 legialiter
1188 799 1595 874 transumit.

576 904 1076 984 CCXXVIII.
1136 901 1530 980 castellani
1572 898 2000 1003 prouinciae
2047 896 2327 1001 Hatzeg
2368 892 2749 972 sententia.

1349 1070 1619 1144 Anno
1698 1072 1979 1146 1399.

576 1220 1002 1312 CCXXIX.
1068 1216 1415 1291 Detnicus
1457 1213 1722 1289 Bubek
1773 1212 1865 1288 de
1919 1213 2216 1287 Pelsocz
2265 1207 2626 1286 Palatinus
2660 1209 2758 1282 li·-

800 1345 991 1402 teras
1033 1321 1373 1398 Andreae
1410 1320 1501 1396 Π.
1533 1323 1623 1395 R.
1651 1323 1740 1396 H.
1780 1320 1876 1394 de
1909 1345 2107 1406 anno
2158 1322 2387 1395 1211.
2435 1344 2577 1421 pno
2621 1314 2759 1389 Ab·

644 1489 655 1502 .
789 1434 989 1510 batia
1027 1430 1122 1504 de
1173 1426 1460 1528 Tihany
1500 1427 2002 1503 transcribitf

1349 1589 1425 1666 A
1443 1620 1490 1666 n
1512 1618 1557 1664 n
1583 1619 1631 1669 o
1695 1599 1735 1664 1
1762 1596 1811 1664 4
1838 1602 1887 1668 Ο
1916 1599 1983 1666 1.
1995 1695 2006 1704 ·

579 1716 964 1839 CCXXX.
1023 1709 1282 1793 Iudaei
1327 1714 1703 1817 sanguinis
1742 1712 2123 1792 christiani
2159 1710 2515 1796 efusionis
2549 1716 2763 1789 incu-

790 1841 946 1902 sati.

1350 1972 1619 2046 Anno
1700 1976 1986 2045 1402.
2077 1997 2102 2020 ⁸

582 2095 1017 2173 CCXXXI.
1062 2094 1553 2170 Wenceslaus
1593 2096 1688 2170 Β.
1731 2094 1815 2171 Β.
1881 2099 2306 2201 Rupertum
2354 2091 2768 2197 Imperato-

801 2229 961 2278 rem
999 2201 1141 2276 sibi
1191 2203 1618 2304 oppositum
1679 2202 2021 2293 damnat,
2081 2228 2168 2278 ac
2210 2200 2769 2307 Sigismundum

798 2311 892 2383 Β.
939 2309 1034 2382 H.
1080 2308 1464 2383 Vicat-ium
1507 2303 1585 2381 S.
1616 2309 1711 2384 R.
1759 2311 1814 2385 I.
1851 2324 2078 2385 creat.

585 2417 1046 2496 ccxxxfl.
1103 2410 1554 2515 sigismundi
1600 2417 1791 2519 regis
1826 2441 2000 2491 cum
2041 2413 2381 2492 Ducibus
2416 2414 2771 2490 Austriae

798 2525 1082 2598 ratione
1114 2521 1620 2612 successionis),
1660 2525 1718 2597 si
1755 2523 1969 2627 prole
2010 2523 2329 2598 mascula
2369 2518 2774 2614 deficeret,

796 2630 1221 2731 incaptiuati
1263 2629 1447 2700 item
1484 2628 1907 2704 Wenceslai
1943 2631 2035 2704 Β.
2077 2629 2478 2707 Bohemiae
2500 2682 2527 2726 ,
2587 2654 2773 2705 con·

808 2735 1094 2809 uentio.

591 2841 1068 2921 CCXXXIII.
1127 2835 1564 2915 conuentus
1632 2840 1727 2916 de
1790 2839 1985 2947 Sagh
2032 2869 2256 2946 super
2319 2809 2786 2992 possessione

807 2942 1123 3021 Mohora
1155 2963 1565 3049 permutata
1607 2947 2021 3025 fassionales
2063 2948 2298 3025 edit.

596 3051 1096 3131 CCXXXIV.
1175 3052 1584 3129 Comitatus
1643 3051 1869 3131 Saros
1940 3057 2333 3133 relatoriae
2378 3081 2610 3156 super
2659 3057 2789 3131 in·-

816 3158 1221 3263 quisitione
1265 3186 1351 3236 ac
1402 3157 1975 3263 prohibitione
1953 3189 2155 3239 iussu
2207 3162 2493 3239 Detrici
2525 3162 2786 3240 Bebek

817 3267 912 3342 de
960 3264 1346 3359 Pelseuch,
1399 3267 1727 3364 Palatini,
1767 3288 2090 3373 peracta.
2155 3299 2164 3306 ·

606 3370 1062 3453 CCXXXV.
1119 3372 1296 3475 Cap.
1338 3369 1691 3452 Nonense
1727 3377 1972 3453 literas
1992 3374 2293 3454 Domini
2335 3377 2445 3453 sui
2487 3390 2796 3453 natura·

822 3480 926 3555 lis
969 3473 1410 3555 Ladislai
1462 3483 1725 3585 regis
1761 3482 2336 3584 Hungariae
2377 3480 2716 3561 exhibet.

1385 3639 1671 3716 Anno
1734 3646 2008 3718 1403
2144 3625 2154 3636 '

610 3764 1106 3842 CCXXXVI.
1164 3755 1656 3858 wilhelmus,
1711 3764 2061 3843 Austriae
2107 3765 2322 3861 Dux,
2375 3763 2806 3847 Johannnm

825 3867 1140 3947 Ladislai
1194 3873 1387 3973 regis
1426 3867 1717 3947 Siciliae
1755 3897 2097 3949 sororem
2147 3870 2380 3950 ducit.

617 3973 1536 4059 CCXXXVH.Ladis1ai
1586 3980 1815 4085 Neap.
1876 3981 2144 4055 Jadrae
2195 3978 2451 4058 fictitia
2509 4006 2805 4061 corona

826 4083 1139 4162 incincti
1207 4106 1559 4181 sequaces
1612 4088 1687 4160 in
1770 4086 2344 4191 congregatione
2393 4085 2804 4169 Slauonine

798 4190 1050 4270 Cnsii
1095 4187 1467 4267 celebrata
1505 4190 2089 4294 proscribuntur.
