2875 4842
688 453 840 522 628

584 662 898 747 horare,
950 679 1038 730 ac
1083 653 1175 727 ad
1233 655 1464 729 instar
1497 652 1817 729 aliorum
1856 652 2226 731 Comitum
2252 711 2272 748 ‚
2324 684 2456 731 seu
2501 654 2755 730 Came·

583 768 950 845 rariorum
985 758 1397 836 huiusmodi
1442 759 1760 836 cnsionis
1802 778 2314 854 monetarum,
2366 764 2564 860 ipsas
2606 788 2757 835 mo·

530 903 540 923 ¹
579 888 788 950 netas
832 865 1251 970 exponendi
1279 922 1302 960 ‚
1355 892 1488 943 seu
1538 866 2399 943 commutandi'liberam
2434 868 2752 942 habeant

582 979 1050 1062 facultatem,
1106 974 1315 1048 simul
1392 1000 1565 1048 cum
1628 972 1971 1048 omnibus
2031 966 2611 1063 directionibus,
2685 991 2753 1047 et

579 1081 1180 1191 expeditionibus
1247 1078 1757 1182 quibuslibet,
1813 1104 1955 1155 nec
2018 1106 2169 1154 non
2241 1080 2755 1167 libertatibus,

580 1186 1123 1287 exemtionibus
1148 1240 1172 1280 ,
1227 1187 1804 1288 praerogativis,
1860 1204 1939 1263 et
1980 1183 2443 1262 facultatibus
2491 1188 2755 1276 solitis,

578 1319 656 1378 et
691 1295 1099 1385 cannetis,
1150 1306 1230 1367 et
1265 1291 1365 1367 ob
1404 1291 1546 1366 boc
1579 1298 1778 1397 ipsos
1809 1291 2029 1367 Cives
2063 1311 2357 1368 nostros
2384 1296 2463 1369 in
2507 1293 2761 1371 Comi·

469 1482 472 1489 Α
580 1424 735 1499 tes,
787 1422 864 1480 et
912 1398 1370 1475 Camerarius
1435 1397 1854 1475 huiusmodi
1906 1399 2224 1487 cusionis
2278 1419 2753 1476 monetarum

576 1526 988 1589 nostrarum
1043 1502 1394 1605 regalium
1435 1524 1798 1608 perpetue
1842 1503 2183 1583 duximus
2222 1505 2756 1609 praeficiendos

575 1639 655 1696 et
699 1610 1298 1704 constituendos,
1350 1638 1529 1712 ymo
1567 1610 2071 1716 praeficimus,
2116 1629 2194 1688 et
2235 1613 2753 1708 constituimus,

572 1722 1064 1830 praesentium
1113 1744 1249 1821 per
1304 1722 1632 1821 vigorem
1670 1717 1794 1795 tali
1835 1719 2218 1821 interiecta
2282 1716 2751 1813 conditione,

572 1827 774 1934 quod
827 1827 958 1928 ipsi
1020 1841 1094 1899 et
1145 1820 1581 1927 praescripti
1648 1818 1914 1900 eorum
1955 1825 2274 1926 posteri,
2328 1843 2406 1901 et
2446 1852 2752 1902 succes-

573 1954 780 2015 sor'es
842 1933 1241 2023 directam,
1317 1947 1392 2003 et
1446 1926 1836 2033 aequalem
1888 1928 2361 2006 medietatem
2413 1958 2749 2006 omnium

435 2112 452 2120 -
567 2056 1118 2147 proventuum,
1159 2055 1235 2111 et
1262 2036 1847 2125 obventionum,
1901 2061 2095 2136 quae
2128 2038 2205 2111 in
2245 2039 2755 2139 expeditione,

571 2145 1189 2249 commutatione,
1246 2141 1362 2216 vel
1423 2147 1694 2243 quovis
1746 2146 1891 2218 alio
1927 2144 2007 2216 in
2045 2140 2257 2218 lucro
2307 2144 2559 2219 dictae
2613 2173 2758 2219 cu-

571 2255 794 2332 sionis
850 2266 1316 2325 monetarum
1359 2266 1769 2324 nostrarum
1821 2251 2307 2352 provenient,
2357 2268 2441 2324 et
2487 2280 2758 2355 prove·

570 2363 736 2438 nire
803 2360 1089 2448 solent,
1143 2358 1355 2430 Fisco
1408 2373 1666 2433 nostro
1719 2361 2004 2455 Regio,
2079 2375 2161 2432 et
2211 2378 2753 2461 consequenter

569 2465 1071 2574 praefatorum
1106 2484 1615 2537 successorum
1654 2481 2081 2541 nostrorum
2104 2464 2417 2566 Regum,
2446 2482 2527 2539 ut
2552 2494 2755 2569 prae·

566 2576 868 2661 fertur,·
926 2570 1342 2669 Hungariae
1427 2567 1751 2643 fideliter
1823 2567 2181 2645 debeant·
2216 2568 2752 2647 administrare.

449 2724 452 2729 ·
571 2679 917 2755 Ceterum
979 2700 1235 2761 omues
1280 2698 1698 2777 expensae,
1773 2676 2085 2776 quaein
2149 2676 2757 2777 expeditionibus

568 2789 1151 2895 praemissorum
1190 2785 1600 2856 necessario
1639 2780 1798 2855 fieri
1837 2779 2158 2874 debent;
2193 2800 2267 2857 et
2304 2781 2488 2858 fient
2527 2786 2607 2858 in
2648 2783 2757 2858 fu·

576 2909 870 2979 turum,
928 2885 1023 2962 de
1060 2893 1512 2989 praescripto
1553 2890 1933 2967 communi
1977 2887 2186 2962 lucro
2216 2892 2544 2964 cusionis
2590 2920 2759 2968 mo·

576 3014 792 3075 netae
836 3010 1230 3092 argenteae
1269 2994 1532 3096 regalis
1574 3013 1650 3069 et
1691 3000 2022 3098 ipsorum
2063 2995 2359 3071 Civium
2394 3018 2757 3101 perpetue

577 3102 801 3195 fiant,
854 3119 931 3176 et
970 3097 1505 3202 persolvantur.
1575 3103 1883 3204 Ipsique
1921 3098 2139 3176 Cives
2189 3100 2283 3175 de
2332 3100 2753 3181 huiusmodi

579 3206 1156 3315 dispensatione,
1211 3223 1288 3280 et
1333 3210 1802 3308 expositione
1848 3208 2148 3310 singulis
2199 3226 2527 3311 quatuor
2568 3231 2753 3287 tem-

580 3315 889 3424 poribus
927 3314 1092 3385 anni
1131 3315 1352 3387 certis
1389 3314 1821 3389 officialibus
1861 3318 2164 3399 nostris,
2219 3335 2297 3389 et
2326 3334 2751 3393 nostrorum

499 3432 508 3439 ’
580 3446 1081 3500 successorum
1129 3421 1423 3523 Regum
1462 3419 1554 3492 ad
1597 3417 1740 3495 hoc
1789 3419 2221 3522 deputandis
2259 3421 2559 3522 plenam
2590 3425 2751 3499 dare

583 3545 973 3607 teneantur
1032 3528 1414 3600 rationem.
1506 3530 1693 3601 Item
1744 3525 2198 3602 decrevimus
2251 3547 2328 3600 et
2383 3536 2757 3630 perpetuis

588 3634 1012 3711 successivis
1067 3632 1525 3733 temporibus
1606 3635 1938 3707 volumus
2012 3633 2320 3709 firmiter
2402 3638 2760 3713 observa-

586 3745 656 3815 ri
686 3796 707 3830 ‚
759 3755 844 3814 ut
883 3738 958 3810 in
1003 3737 1487 3815 comitatibus
1526 3738 1996 3831 Poe-oniensi,
2056 3741 2503 3816 Mosouiensi
2535 3801 2558 3833 ,
2608 3746 2759 3818 So-

590 3844 1011 3952 pruniensi,
1090 3842 1607 3934 Casti-iferrei‚
1683 3845 2127 3936 Zaladiensi‚
2183 3847 2581 3940 Nitriensi‚
2636 3853 2761 3927 Co-

585 3949 1057 4031 maromiensi
1087 4003 1108 4037 ‚
1160 3950 1609 4043 Jaurinensi,
1664 3971 1740 4026 et
1785 3953 1859 4024 in
1910 3950 2313 4039 Provinciis
2352 3956 2597 4057 Regni
2633 3986 2759 4035 no-

584 4063 717 4139 stri
748 4055 1180 4134 Sclavoniae
1208 4110 1228 4146 ‚
1285 4082 1426 4131 nec
1478 4083 1632 4133 non
1682 4059 1759 4132 in
1812 4058 2242 4133 Civitatibus
2279 4060 2756 4156 Posoniensi‚

585 4166 1107 4271 Tyrnaviensi,
1162 4160 1723 4262 Trynchiniensi
1740 4219 1765 4258 ,
1823 4162 2305 4266 Soproniensi
2326 4223 2349 4253 .
2404 4169 2756 4247 Comaro-
