2875 4842
702 442 854 516 664

591 651 845 727 iuncto
867 702 895 746 ‚
947 672 1171 755 super
1205 644 1581 726 revisione'
1610 660 1688 724 et
1720 641 2177 722 discussione
2210 640 2568 720 eiusdem
2606 666 2787 718 can·

587 776 713 833 sae
752 756 948 832 inter
1001 752 1442 832 Michaeiem
1494 753 1737 831 Weiss
1787 750 1884 827 ab
1956 778 2103 827 una
2154 768 2237 827 et
2294 747 2781 854 Stephanum

584 860 1086 966 Egenburger‘
1106 877 1427 967 protunc
1454 858 1902 939 Tricesimae
1943 857 2557 961 Vicesgerentem
2576 911 2603 949 ,
2636 878 2781 931 nec

584 994 737 1044 non
789 968 970 1045 alios
1026 965 1599 1073 quomodolibet
1651 968 1729 1042 in
1778 966 2109 1053 futurum
2150 961 2777 1051 constituendos,

582 1075 907 1150 cuiusvis
941 1091 1170 1151 status
1209 1069 1657 1151 conditionis
1690 1090 1766 1150 et
1788 1069 2459 1178 praebeminentiae
2486 1095 2641 1144 seu
2664 1067 2775 1143 di·

633 1180 872 1256 nitatis
904 1184 1255 1274 existant,
1289 1178 1714 1257 bominibus
1746 1196 1957 1286 parte
1994 1204 2088 1253 ex
2111 1179 2333 1255 altera
2358 1177 2771 1279 iniungen-

527 1340 534 1348 -
580 1204 683 1360 {o
734 1284 873 1363 sub
919 1284 1182 1365 Edicto
1249 1286 1621 1364 commisit
1646 1340 1669 1378 ‚
1748 1287 1959 1362 aliter
1992 1282 2271 1361 habere
2307 1283 2629 1379 nolens,
2686 1297 2771 1356 ut

577 1393 765 1467 sicut
801 1390 1063 1470 nostris
1086 1447 1109 1487 ‚
1145 1392 1613 1495 aliorumque
1648 1388 2305 1498 praedecessorum
2324 1406 2766 1464 nostrorum

511 1538 520 1547 ·
551 1499 1038 1602 *temporibus
1061 1499 1254 1574 datio
1283 1496 1733 1588 Tricesimae
1764 1515 1894 1573 seu
1930 1496 2234 1574 Exactio
2253 1494 2595 1571 eiusdem
2632 1494 2761 1569 do-

572 1601 879 1696 beatur‚
926 1605 1165 1681 forma
1198 1621 1540 1710 statuque
1573 1602 1713 1682 sub
1750 1603 2033 1679 eisdem
2066 1628 2298 1678 unum
2314 1603 2755 1704 Registrum

574 1734 802 1814 super
827 1711 1399 1801 Tricesimarum
1434 1713 1824 1787 exactione
1858 1724 2285 1815 praenotata
2316 1707 2753 1786 conseribe-

575 1839 867 1910 remus,
921 1842 1008 1894 ac
1041 1817 1137 1893 de
1179 1816 1412 1893 verbo
1454 1817 1547 1892 ad
1592 1815 1903 1893 verbum
1936 1814 2109 1892 huie
2158 1816 2533 1917 praesenti
2586 1814 2749 1890 Lit-

574 1939 777 1999 terae
808 1924 1029 1999 inseri
1075 1922 1514 1999 deberemus
1537 1979 1560 2019 ‚
1599 1922 1841 1998 eidem
1878 1918 2223 1998 Michaeli
2260 1923 2511 1997 Weiss
2534 1976 2557 2013 ‚
2588 1947 2752 1998 cae·

576 2028 901 2130 terisque
946 2030 1096 2104 suis
1129 2034 1543 2105 coaetaneis
1588 2027 1845 2133 quoad
1910 2029 2304 2121 cautelam,
2383 2024 2745 2125 med-elam

571 2134 772 2209 Juris
805 2153 878 2211 et
914 2136 1247 2213 Justitiae
1285 2136 1812 2241 impartientes.
1887 2134 1983 2213 Et
2037 2152 2120 2210 ut
2175 2134 2319 2239 ipsi
2381 2138 2747 2241 praesenti

573 2240 921 2342 Registro
951 2239 1084 2316 bac
1123 2245 1201 2316 in
1234 2241 1516 2319 Littera
1543 2259 1931 2346 comperto
1955 2297 1980 2337 ,
2018 2242 2125 2317 sic
2158 2244 2413 2345 itaque
2440 2252 2587 2347 p'er
2620 2267 2747 2317 nos

573 2343 667 2421 de
699 2348 1065 2450 Imperiali
1095 2348 1482 2425 Maiestate
1514 2364 1599 2426 ut
1628 2349 2107 2455 praemissum
2137 2366 2295 2441 est,
2352 2350 2743 2425 commisso

572 2469 650 2530 et
691 2454 1027 2530 iniuncto
1082 2454 1421 2532 locorum
1471 2454 1900 2560 ubicunque
1950 2454 2104 2531 vdt.
2162 2456 2238 2531 in
2295 2453 2601 2531 Judicio
2670 2471 2740 2531 et

572 2576 779 2634 extra
817 2558 1254 2637 adhibeatur
1291 2560 1649 2639 creditiva
1689 2560 1912 2657 fides3
1967 2578 2212 2639 tamen
2265 2585 2406 2637 nos
2458 2561 2741 2636 Johan-

569 2690 697 2740 nes
767 2661 1261 2767 Sybenlinder
1327 2685 1556 2771 prout
1637 2672 2066 2773 supratactis
2108 2723 2131 2763 ‚
2228 2666 2733 2773 Imperialibus

571 2768 928 2847 Mandatis
963 2790 1048 2848 ut
1084 2791 1465 2867 tenemur,
1531 2773 1840 2851 obedire
1893 2776 2224 2853 volentes
2251 2827 2274 2867 ‚
2357 2775 2605 2850 Deum
2660 2792 2729 2852 et

569 2877 727 2952 eius
759 2881 1119 2954 Justitiam
1169 2881 1584 2987 praeoculis
1642 2878 1984 2957 babendo
2008 2936 2029 2972 ‚
2101 2907 2251 2957 nou
2317 2880 2391 2955 vi
2418 2934 2442 2968 ,
2514 2879 2725 2970 dolo,

551 2981 869 3077 fraude,
928 2988 1167 3090 pretio
1198 2990 1315 3063 vei
1355 2985 1577 3080 odio‘,
1607 3006 1737 3064 aut
1768 2987 2140 3089 aliquibus
2178 2985 2729 3064 Machinationi·

568 3088 708 3169 bus
752 3088 1028 3167 inducti
1052 3148 1074 3186 ‚
1128 3095 1538 3199 praefatum
1567 3096 1990 3196 Registrum
2016 3149 2039 3189 ‚
2095 3094 2542 3197 prout-infra
2566 3120 2725 3169 con-

563 3197 920 3301 scriptum
950 3253 972 3291 ‚
1026 3224 1113 3275 ac
1150 3200 1245 3277 ab
1280 3201 1599 3305 antiquis
1640 3200 2100 3305 temporibus
2127 3226 2269 3305 per
2320 3199 2535 3279 divos
2575 3202 2723 3277 Re·

564 3326 696 3406 ges
733 3301 1152 3410 Hungariae
1189 3306 1464 3385 editum
1508 3325 1582 3383 et
1614 3306 2078 3398 confectum,
2130 3307 2278 3382 suo'
2313 3308 2544 3382 modo
2597 3305 2719 3382 ad·

562 3407 1016 3504 ditionibus,
1076 3412 1689 3491 diminutionibus
1746 3414 2134 3516 quibusvis
2189 3416 2495 3492 semotis
2550 3440 2709 3490 con-
2806 3428 2811 3431 ’

463 3588 470 3593 .
564 3514 894 3594 seribere
932 3522 1354 3597 curauimus
1382 3577 1405 3614 ,
1460 3538 1544 3597 ut
1569 3520 1912 3598 moderni
1960 3537 2379 3630 praesentes
2412 3548 2511 3596 ac
2547 3519 2705 3596 fiatu-

564 3622 630 3694 ri
665 3622 1267 3705 Tricesimatores
1300 3626 1440 3703 hoc
1476 3629 1939 3732 Registrutn‚
1974 3626 2343 3732 praesenti
2406 3627 2707 3704 Litterae

559 3725 924 3835 insertum·
952 3730 1275 3836 legentes
1298 3790 1319 3826 ,
1350 3732 1684 3810 videntes
1719 3752 1794 3809 et
1831 3736 2075 3837 legere
2101 3733 2487 3809 audientes
2518 3761 2559 3809 a
2591 3734 2709 3808 Mi-

560 3829 810 3909 cbaele
844 3858 1271 3939 praenotato
1304 3842 1600 3944 suisque
1635 3841 2062 3933 coetaneis,
2114 3841 2283 3925 vdt,
2334 3843 2708 3918 Comere·-

506 3980 512 3987 ·
562 3939 846 4017 toribus
883 3942 1454 4022 Tricesimarum
1487 3949 1949 4025 exactionem
1998 3949 2229 4049 recipi
2257 3965 2336 4023 et
2372 3950 2566 4051 exigi
2588 3949 2701 4022 sci-

557 4064 680 4120 ant
719 4065 795 4123 et
821 4048 1360 4145 informentur,
1392 4067 1620 4157 prout
1654 4050 1836 4131 haec
1871 4056 2117 4131 omnia
2150 4051 2285 4130 bac
2318 4054 2401 4129 in
2444 4052 2694 4131 Litter-

557 4158 973 4264 conscripta
1006 4160 1274 4235 clarius
1321 4158 1838 4237 edocebuntnr
1884 4163 2165 4240 visione
2207 4159 2522 4240 oculata.
2570 4160 2691 4236 Cu·
