<?xml version="1.0" encoding="UTF-8"?>
<!DOCTYPE html PUBLIC "-//W3C//DTD XHTML 1.0 Transitional//EN"
    "http://www.w3.org/TR/xhtml1/DTD/xhtml1-transitional.dtd">
<html xmlns="http://www.w3.org/1999/xhtml" xml:lang="en" lang="en">
 <head>
  <title>
</title>
<meta http-equiv="Content-Type" content="text/html;charset=utf-8" />
  <meta name='ocr-system' content='tesseract 3.04.00' />
  <meta name='ocr-capabilities' content='ocr_page ocr_carea ocr_par ocr_line ocrx_word'/>
</head>
<body>
  <div class='ocr_page' id='page_1' title='image "./codexdiplomatic00knigoog_0178.png"; bbox 0 0 2875 4842; ppageno 0'>
   <div class='ocr_carea' id='block_1_1' title="bbox 604 415 831 542">
    <p class='ocr_par' dir='ltr' id='par_1_1' title="bbox 604 415 831 542">
     <span class='ocr_line' id='line_1_1' title="bbox 604 415 831 542; baseline 0 -1"><span class='ocrx_word' id='word_1_1' title='bbox 604 415 621 456; x_wconf 30' lang='lat' dir='ltr'>x</span> <span class='ocrx_word' id='word_1_2' title='bbox 683 473 831 542; x_wconf 76' lang='lat'><strong>172</strong></span> 
     </span>
    </p>
   </div>
   <div class='ocr_carea' id='block_1_2' title="bbox 1477 669 1738 756">
    <p class='ocr_par' dir='ltr' id='par_1_2' title="bbox 1477 669 1738 756">
     <span class='ocr_line' id='line_1_2' title="bbox 1477 669 1738 756; baseline 0 -2"><span class='ocrx_word' id='word_1_3' title='bbox 1477 669 1482 676; x_wconf 69' lang='grc'><strong>’</strong></span> <span class='ocrx_word' id='word_1_4' title='bbox 1576 679 1738 756; x_wconf 83' lang='lat' dir='ltr'><strong>Lx.</strong></span> 
     </span>
    </p>
   </div>
   <div class='ocr_carea' id='block_1_3' title="bbox 567 797 2724 961">
    <p class='ocr_par' dir='ltr' id='par_1_3' title="bbox 567 797 2724 961">
     <span class='ocr_line' id='line_1_3' title="bbox 567 797 2724 873; baseline -0.001 -18"><span class='ocrx_word' id='word_1_5' title='bbox 567 800 856 857; x_wconf 66' lang='lat' dir='ltr'><strong>Elisabeth</strong></span> <span class='ocrx_word' id='word_1_6' title='bbox 885 801 1091 873; x_wconf 74' lang='lat' dir='ltr'><strong>regina</strong></span> <span class='ocrx_word' id='word_1_7' title='bbox 1137 800 1378 854; x_wconf 69' lang='lat' dir='ltr'><strong>cinisca·</strong></span> <span class='ocrx_word' id='word_1_8' title='bbox 1409 803 1619 855; x_wconf 65' lang='lat' dir='ltr'><strong>Paeon·</strong></span> <span class='ocrx_word' id='word_1_9' title='bbox 1656 815 1826 869; x_wconf 75' lang='lat' dir='ltr'><strong>super</strong></span> <span class='ocrx_word' id='word_1_10' title='bbox 1862 797 2138 854; x_wconf 60' lang='lat' dir='ltr'><strong>hundinis</strong></span> <span class='ocrx_word' id='word_1_11' title='bbox 2177 801 2479 856; x_wconf 75' lang='lat' dir='ltr'><strong>Dominica</strong></span> <span class='ocrx_word' id='word_1_12' title='bbox 2517 802 2724 853; x_wconf 69' lang='lat' dir='ltr'><strong>Laetare</strong></span> 
     </span>
     <span class='ocr_line' id='line_1_4' title="bbox 756 885 2150 961; baseline -0.002 -18"><span class='ocrx_word' id='word_1_13' title='bbox 756 885 1107 943; x_wconf 67' lang='lat' dir='ltr'><strong>celebrandis</strong></span> <span class='ocrx_word' id='word_1_14' title='bbox 1134 889 1503 961; x_wconf 74' lang='lat' dir='ltr'><strong>priuilegium</strong></span> <span class='ocrx_word' id='word_1_15' title='bbox 1531 887 1794 959; x_wconf 76' lang='lat' dir='ltr'><strong>largitur.</strong></span> <span class='ocrx_word' id='word_1_16' title='bbox 1871 886 1938 943; x_wconf 77' lang='lat' dir='ltr'><strong>A.</strong></span> <span class='ocrx_word' id='word_1_17' title='bbox 1994 886 2150 958; x_wconf 64' lang='lat'>1385.</span> 
     </span>
    </p>
   </div>
   <div class='ocr_carea' id='block_1_4' title="bbox 759 953 2717 1107">
    <p class='ocr_par' dir='ltr' id='par_1_4' title="bbox 759 953 2717 1107">
     <span class='ocr_line' id='line_1_5' title="bbox 759 953 2717 1107; baseline -0.002 -26"><span class='ocrx_word' id='word_1_18' title='bbox 759 1005 917 1083; x_wconf 78' lang='lat' dir='ltr'><strong>Nos</strong></span> <span class='ocrx_word' id='word_1_19' title='bbox 954 1003 1274 1080; x_wconf 65' lang='lat' dir='ltr'><strong>elisabet</strong></span> <span class='ocrx_word' id='word_1_20' title='bbox 1313 1006 1452 1079; x_wconf 71' lang='lat' dir='ltr'><strong>Dei</strong></span> <span class='ocrx_word' id='word_1_21' title='bbox 1486 1004 1738 1079; x_wconf 70' lang='lat' dir='ltr'><strong>Gratia</strong></span> <span class='ocrx_word' id='word_1_22' title='bbox 1773 1002 2059 1103; x_wconf 69' lang='lat' dir='ltr'><strong>Regina</strong></span> <span class='ocrx_word' id='word_1_23' title='bbox 2102 953 2555 1107; x_wconf 58' lang='lat' dir='ltr'><strong>Hungaffie,</strong></span> <span class='ocrx_word' id='word_1_24' title='bbox 2609 1006 2717 1078; x_wconf 76' lang='lat'><strong>1³0-</strong></span> 
     </span>
    </p>
   </div>
   <div class='ocr_carea' id='block_1_5' title="bbox 570 1111 2828 1210">
    <p class='ocr_par' dir='ltr' id='par_1_5' title="bbox 570 1111 2828 1210">
     <span class='ocr_line' id='line_1_6' title="bbox 570 1111 2828 1210; baseline -0.001 -22"><span class='ocrx_word' id='word_1_25' title='bbox 570 1112 859 1201; x_wconf 87' lang='lat' dir='ltr'><strong>loniae&#39;,</strong></span> <span class='ocrx_word' id='word_1_26' title='bbox 919 1112 1316 1198; x_wconf 71' lang='lat' dir='ltr'><strong>Dalmatiae</strong></span> <span class='ocrx_word' id='word_1_27' title='bbox 1365 1129 1505 1185; x_wconf 80' lang='lat' dir='ltr'><strong>etc.</strong></span> <span class='ocrx_word' id='word_1_28' title='bbox 1570 1111 1973 1186; x_wconf 79' lang='lat' dir='ltr'><strong>memoriae</strong></span> <span class='ocrx_word' id='word_1_29' title='bbox 2018 1111 2717 1187; x_wconf 83' lang='lat' dir='ltr'><strong>commendamuste-</strong></span> <span class='ocrx_word' id='word_1_30' title='bbox 2827 1205 2828 1210; x_wconf 5' lang='grc' dir='ltr'>ἵ</span> 
     </span>
    </p>
   </div>
   <div class='ocr_carea' id='block_1_6' title="bbox 504 1215 2721 1964">
    <p class='ocr_par' dir='ltr' id='par_1_6' title="bbox 504 1215 2721 1964">
     <span class='ocr_line' id='line_1_7' title="bbox 568 1215 2717 1322; baseline -0.001 -29"><span class='ocrx_word' id='word_1_31' title='bbox 568 1244 757 1294; x_wconf 85' lang='lat' dir='ltr'><strong>nore</strong></span> <span class='ocrx_word' id='word_1_32' title='bbox 802 1220 1297 1322; x_wconf 85' lang='lat' dir='ltr'><strong>praesentium</strong></span> <span class='ocrx_word' id='word_1_33' title='bbox 1332 1215 1822 1321; x_wconf 81' lang='lat' dir='ltr'><strong>significantes</strong></span> <span class='ocrx_word' id='word_1_34' title='bbox 1867 1220 2263 1293; x_wconf 86' lang='lat' dir='ltr'><strong>uniuersis:</strong></span> <span class='ocrx_word' id='word_1_35' title='bbox 2323 1218 2536 1307; x_wconf 83' lang='lat' dir='ltr'><strong>Quod</strong></span> <span class='ocrx_word' id='word_1_36' title='bbox 2568 1218 2717 1309; x_wconf 84' lang='lat' dir='ltr'><strong>Nos,</strong></span> 
     </span>
     <span class='ocr_line' id='line_1_8' title="bbox 504 1323 2715 1428; baseline -0.001 -28"><span class='ocrx_word' id='word_1_37' title='bbox 504 1361 518 1370; x_wconf 91' lang='lat'><strong>·</strong></span> <span class='ocrx_word' id='word_1_38' title='bbox 569 1325 830 1428; x_wconf 84' lang='lat' dir='ltr'><strong>quiex</strong></span> <span class='ocrx_word' id='word_1_39' title='bbox 866 1323 1124 1400; x_wconf 89' lang='lat' dir='ltr'><strong>debito</strong></span> <span class='ocrx_word' id='word_1_40' title='bbox 1173 1326 1582 1425; x_wconf 82' lang='lat' dir='ltr'><strong>Regiminis</strong></span> <span class='ocrx_word' id='word_1_41' title='bbox 1629 1326 1940 1401; x_wconf 80' lang='lat' dir='ltr'><strong>Nostrae</strong></span> <span class='ocrx_word' id='word_1_42' title='bbox 1985 1324 2366 1428; x_wconf 83' lang='lat' dir='ltr'><strong>Reginalis</strong></span> <span class='ocrx_word' id='word_1_43' title='bbox 2412 1326 2715 1400; x_wconf 85' lang='lat' dir='ltr'><strong>Maiesta-</strong></span> 
     </span>
     <span class='ocr_line' id='line_1_9' title="bbox 569 1429 2721 1536; baseline -0.002 -29"><span class='ocrx_word' id='word_1_44' title='bbox 569 1434 708 1523; x_wconf 69' lang='lat' dir='ltr'><strong>tis,</strong></span> <span class='ocrx_word' id='word_1_45' title='bbox 771 1457 858 1507; x_wconf 88' lang='lat' dir='ltr'><strong>ac</strong></span> <span class='ocrx_word' id='word_1_46' title='bbox 891 1430 987 1505; x_wconf 88' lang='lat' dir='ltr'><strong>de</strong></span> <span class='ocrx_word' id='word_1_47' title='bbox 1024 1433 1265 1508; x_wconf 87' lang='lat' dir='ltr'><strong>innata</strong></span> <span class='ocrx_word' id='word_1_48' title='bbox 1306 1429 1539 1506; x_wconf 88' lang='lat' dir='ltr'><strong>Nobis</strong></span> <span class='ocrx_word' id='word_1_49' title='bbox 1580 1432 1864 1533; x_wconf 88' lang='lat' dir='ltr'><strong>pietatis</strong></span> <span class='ocrx_word' id='word_1_50' title='bbox 1905 1431 2315 1506; x_wconf 75' lang='lat' dir='ltr'><strong>Clementia</strong></span> <span class='ocrx_word' id='word_1_51' title='bbox 2354 1429 2721 1536; x_wconf 80' lang='lat' dir='ltr'><strong>profectus,</strong></span> 
     </span>
     <span class='ocr_line' id='line_1_10' title="bbox 569 1535 2714 1639; baseline -0.001 -27"><span class='ocrx_word' id='word_1_52' title='bbox 569 1556 647 1615; x_wconf 84' lang='lat' dir='ltr'><strong>et</strong></span> <span class='ocrx_word' id='word_1_53' title='bbox 706 1536 1097 1614; x_wconf 83' lang='lat' dir='ltr'><strong>commoda</strong></span> <span class='ocrx_word' id='word_1_54' title='bbox 1146 1536 1476 1613; x_wconf 82' lang='lat' dir='ltr'><strong>fidelium</strong></span> <span class='ocrx_word' id='word_1_55' title='bbox 1533 1535 1954 1611; x_wconf 83' lang='lat' dir='ltr'><strong>Incolarum</strong></span> <span class='ocrx_word' id='word_1_56' title='bbox 2006 1538 2452 1616; x_wconf 79' lang='lat' dir='ltr'><strong>Nostrorum</strong></span> <span class='ocrx_word' id='word_1_57' title='bbox 2509 1537 2714 1639; x_wconf 78' lang='lat' dir='ltr'><strong>Regni</strong></span> 
     </span>
     <span class='ocr_line' id='line_1_11' title="bbox 568 1642 2717 1749; baseline -0.001 -29"><span class='ocrx_word' id='word_1_58' title='bbox 568 1647 943 1748; x_wconf 84' lang='lat' dir='ltr'><strong>Ungariae</strong></span> <span class='ocrx_word' id='word_1_59' title='bbox 982 1644 1393 1749; x_wconf 80' lang='lat' dir='ltr'><strong>praedicti,</strong></span> <span class='ocrx_word' id='word_1_60' title='bbox 1447 1662 1519 1719; x_wconf 86' lang='lat' dir='ltr'><strong>et</strong></span> <span class='ocrx_word' id='word_1_61' title='bbox 1559 1643 1939 1748; x_wconf 77' lang='lat' dir='ltr'><strong>potissime</strong></span> <span class='ocrx_word' id='word_1_62' title='bbox 1978 1642 2274 1722; x_wconf 87' lang='lat' dir='ltr'><strong>illorum</strong></span> <span class='ocrx_word' id='word_1_63' title='bbox 2315 1646 2717 1744; x_wconf 82' lang='lat' dir='ltr'><strong>Incolarum,</strong></span> 
     </span>
     <span class='ocr_line' id='line_1_12' title="bbox 570 1749 2715 1856; baseline -0.002 -30"><span class='ocrx_word' id='word_1_64' title='bbox 570 1752 703 1856; x_wconf 88' lang='lat' dir='ltr'><strong>qui</strong></span> <span class='ocrx_word' id='word_1_65' title='bbox 738 1754 811 1825; x_wconf 92' lang='lat' dir='ltr'><strong>in</strong></span> <span class='ocrx_word' id='word_1_66' title='bbox 862 1750 1218 1828; x_wconf 78' lang='lat' dir='ltr'><strong>confiniis</strong></span> <span class='ocrx_word' id='word_1_67' title='bbox 1251 1770 1327 1829; x_wconf 87' lang='lat' dir='ltr'><strong>et</strong></span> <span class='ocrx_word' id='word_1_68' title='bbox 1369 1749 1808 1826; x_wconf 81' lang='lat' dir='ltr'><strong>Civitatibus</strong></span> <span class='ocrx_word' id='word_1_69' title='bbox 1844 1749 2358 1828; x_wconf 86' lang='lat' dir='ltr'><strong>Confiniorum</strong></span> <span class='ocrx_word' id='word_1_70' title='bbox 2406 1756 2539 1828; x_wconf 80' lang='lat' dir='ltr'><strong>iam</strong></span> <span class='ocrx_word' id='word_1_71' title='bbox 2573 1751 2715 1824; x_wconf 86' lang='lat' dir='ltr'><strong>dicti</strong></span> 
     </span>
     <span class='ocr_line' id='line_1_13' title="bbox 573 1855 2716 1964; baseline -0.004 -26"><span class='ocrx_word' id='word_1_72' title='bbox 573 1862 813 1960; x_wconf 81' lang='lat' dir='ltr'><strong>Regni</strong></span> <span class='ocrx_word' id='word_1_73' title='bbox 858 1858 1235 1951; x_wconf 78' lang='lat' dir='ltr'><strong>existunt,</strong></span> <span class='ocrx_word' id='word_1_74' title='bbox 1293 1861 1462 1933; x_wconf 88' lang='lat' dir='ltr'><strong>totis</strong></span> <span class='ocrx_word' id='word_1_75' title='bbox 1502 1855 1882 1934; x_wconf 79' lang='lat' dir='ltr'><strong>desideriis</strong></span> <span class='ocrx_word' id='word_1_76' title='bbox 1931 1860 2286 1963; x_wconf 84' lang='lat' dir='ltr'><strong>ampliare</strong></span> <span class='ocrx_word' id='word_1_77' title='bbox 2329 1863 2716 1964; x_wconf 77' lang='lat' dir='ltr'><strong>cupientes,</strong></span> 
     </span>
    </p>
   </div>
   <div class='ocr_carea' id='block_1_7' title="bbox 443 1962 2717 2068">
    <p class='ocr_par' dir='ltr' id='par_1_7' title="bbox 443 1962 2717 2068">
     <span class='ocr_line' id='line_1_14' title="bbox 443 1962 2717 2068; baseline -0.003 -27"><span class='ocrx_word' id='word_1_78' title='bbox 443 1977 450 1994; x_wconf 92' lang='grc'><strong>“</strong></span> <span class='ocrx_word' id='word_1_79' title='bbox 568 1983 653 2041; x_wconf 84' lang='lat' dir='ltr'><strong>ut</strong></span> <span class='ocrx_word' id='word_1_80' title='bbox 694 1963 987 2040; x_wconf 86' lang='lat' dir='ltr'><strong>tandem</strong></span> <span class='ocrx_word' id='word_1_81' title='bbox 1025 1964 1357 2068; x_wconf 81' lang='lat' dir='ltr'><strong>Reginali</strong></span> <span class='ocrx_word' id='word_1_82' title='bbox 1402 1962 1916 2040; x_wconf 87' lang='lat' dir='ltr'><strong>Munificentia</strong></span> <span class='ocrx_word' id='word_1_83' title='bbox 1959 1964 2194 2043; x_wconf 86' lang='lat' dir='ltr'><strong>fulciti</strong></span> <span class='ocrx_word' id='word_1_84' title='bbox 2237 1985 2310 2043; x_wconf 82' lang='lat' dir='ltr'><strong>et</strong></span> <span class='ocrx_word' id='word_1_85' title='bbox 2349 1968 2600 2048; x_wconf 84' lang='lat' dir='ltr'><strong>adiuti.</strong></span> <span class='ocrx_word' id='word_1_86' title='bbox 2634 1967 2717 2036; x_wconf 90' lang='lat' dir='ltr'><strong>in·</strong></span> 
     </span>
    </p>
   </div>
   <div class='ocr_carea' id='block_1_8' title="bbox 540 2070 2830 2388">
    <p class='ocr_par' dir='ltr' id='par_1_8' title="bbox 540 2070 2830 2388">
     <span class='ocr_line' id='line_1_15' title="bbox 570 2070 2718 2178; baseline -0.005 -26"><span class='ocrx_word' id='word_1_87' title='bbox 570 2089 1028 2152; x_wconf 75' lang='lat' dir='ltr'><strong>crementum</strong></span> <span class='ocrx_word' id='word_1_88' title='bbox 1083 2075 1446 2178; x_wconf 78' lang='lat' dir='ltr'><strong>recipiant</strong></span> <span class='ocrx_word' id='word_1_89' title='bbox 1476 2072 1835 2166; x_wconf 80' lang='lat' dir='ltr'><strong>salutare3</strong></span> <span class='ocrx_word' id='word_1_90' title='bbox 1892 2070 1986 2145; x_wconf 85' lang='lat' dir='ltr'><strong>ad</strong></span> <span class='ocrx_word' id='word_1_91' title='bbox 2031 2078 2351 2150; x_wconf 81' lang='lat' dir='ltr'><strong>votivam</strong></span> <span class='ocrx_word' id='word_1_92' title='bbox 2401 2095 2474 2150; x_wconf 89' lang='lat' dir='ltr'><strong>et</strong></span> <span class='ocrx_word' id='word_1_93' title='bbox 2507 2071 2718 2146; x_wconf 86' lang='lat' dir='ltr'><strong>humi-</strong></span> 
     </span>
     <span class='ocr_line' id='line_1_16' title="bbox 567 2175 2716 2269; baseline -0.001 -16"><span class='ocrx_word' id='word_1_94' title='bbox 567 2179 717 2254; x_wconf 85' lang='lat' dir='ltr'><strong>lem</strong></span> <span class='ocrx_word' id='word_1_95' title='bbox 764 2175 1087 2253; x_wconf 88' lang='lat' dir='ltr'><strong>fidelium</strong></span> <span class='ocrx_word' id='word_1_96' title='bbox 1136 2199 1559 2268; x_wconf 77' lang='lat' dir='ltr'><strong>nostrorum</strong></span> <span class='ocrx_word' id='word_1_97' title='bbox 1605 2177 1932 2269; x_wconf 69' lang='lat' dir='ltr'><strong>sufficis,</strong></span> <span class='ocrx_word' id='word_1_98' title='bbox 1987 2178 2415 2256; x_wconf 81' lang='lat' dir='ltr'><strong>Juratorum</strong></span> <span class='ocrx_word' id='word_1_99' title='bbox 2462 2198 2533 2256; x_wconf 84' lang='lat' dir='ltr'><strong>et</strong></span> <span class='ocrx_word' id='word_1_100' title='bbox 2575 2180 2716 2251; x_wconf 85' lang='lat' dir='ltr'><strong>uni-</strong></span> 
     </span>
     <span class='ocr_line' id='line_1_17' title="bbox 540 2283 2830 2388; baseline -0.002 -29"><span class='ocrx_word' id='word_1_101' title='bbox 540 2297 956 2372; x_wconf 45' lang='lat' dir='ltr'><strong>,versorum</strong></span> <span class='ocrx_word' id='word_1_102' title='bbox 1013 2286 1301 2361; x_wconf 81' lang='lat' dir='ltr'><strong>Civium</strong></span> <span class='ocrx_word' id='word_1_103' title='bbox 1330 2303 1433 2362; x_wconf 88' lang='lat' dir='ltr'><strong>&#39;et</strong></span> <span class='ocrx_word' id='word_1_104' title='bbox 1472 2286 1863 2388; x_wconf 86' lang='lat' dir='ltr'><strong>Hospitum</strong></span> <span class='ocrx_word' id='word_1_105' title='bbox 1903 2283 2350 2363; x_wconf 87' lang='lat' dir='ltr'><strong>Nostrorum</strong></span> <span class='ocrx_word' id='word_1_106' title='bbox 2406 2287 2500 2364; x_wconf 80' lang='lat' dir='ltr'><strong>de</strong></span> <span class='ocrx_word' id='word_1_107' title='bbox 2541 2285 2718 2362; x_wconf 73' lang='lat' dir='ltr'><strong>Civi-</strong></span> <span class='ocrx_word' id='word_1_108' title='bbox 2827 2283 2830 2292; x_wconf 77' lang='grc'>’</span> 
     </span>
    </p>
   </div>
   <div class='ocr_carea' id='block_1_9' title="bbox 567 2389 2832 2471">
    <p class='ocr_par' dir='ltr' id='par_1_9' title="bbox 567 2389 2832 2471">
     <span class='ocr_line' id='line_1_18' title="bbox 567 2389 2832 2471; baseline 0 -1"><span class='ocrx_word' id='word_1_109' title='bbox 567 2411 715 2470; x_wconf 86' lang='lat' dir='ltr'><strong>tate</strong></span> <span class='ocrx_word' id='word_1_110' title='bbox 769 2395 1193 2470; x_wconf 83' lang='lat' dir='ltr'><strong>Posoniensi</strong></span> <span class='ocrx_word' id='word_1_111' title='bbox 1249 2394 1533 2471; x_wconf 84' lang='lat' dir='ltr'><strong>directe</strong></span> <span class='ocrx_word' id='word_1_112' title='bbox 1592 2396 1662 2466; x_wconf 90' lang='lat' dir='ltr'><strong>in</strong></span> <span class='ocrx_word' id='word_1_113' title='bbox 1735 2389 2071 2468; x_wconf 83' lang='lat' dir='ltr'><strong>confiniis</strong></span> <span class='ocrx_word' id='word_1_114' title='bbox 2121 2394 2715 2470; x_wconf 82' lang='lat' dir='ltr'><strong>Theotunicorum</strong></span> <span class='ocrx_word' id='word_1_115' title='bbox 2831 2429 2832 2470; x_wconf 81' lang='lat'>1</span> 
     </span>
    </p>
   </div>
   <div class='ocr_carea' id='block_1_10' title="bbox 469 2498 2832 4319">
    <p class='ocr_par' dir='ltr' id='par_1_10' title="bbox 469 2498 2832 4319">
     <span class='ocr_line' id='line_1_19' title="bbox 565 2498 2832 2606; baseline -0.003 -29"><span class='ocrx_word' id='word_1_116' title='bbox 565 2503 835 2588; x_wconf 64' lang='lat' dir='ltr'><strong>situata,</strong></span> <span class='ocrx_word' id='word_1_117' title='bbox 899 2499 1456 2606; x_wconf 76' lang='lat' dir='ltr'><strong>supplicationis</strong></span> <span class='ocrx_word' id='word_1_118' title='bbox 1519 2498 1938 2586; x_wconf 75' lang='lat' dir='ltr'><strong>instantiam</strong></span> <span class='ocrx_word' id='word_1_119' title='bbox 1996 2501 2231 2577; x_wconf 82' lang='lat' dir='ltr'><strong>Nobis</strong></span> <span class='ocrx_word' id='word_1_120' title='bbox 2289 2519 2716 2605; x_wconf 80' lang='lat' dir='ltr'><strong>porrectum,</strong></span> <span class='ocrx_word' id='word_1_121' title='bbox 2831 2505 2832 2534; x_wconf 75' lang='lat'>³</span> 
     </span>
     <span class='ocr_line' id='line_1_20' title="bbox 570 2604 2719 2712; baseline -0.001 -32"><span class='ocrx_word' id='word_1_122' title='bbox 570 2624 646 2682; x_wconf 84' lang='lat' dir='ltr'><strong>et</strong></span> <span class='ocrx_word' id='word_1_123' title='bbox 685 2625 769 2683; x_wconf 84' lang='lat' dir='ltr'><strong>ut</strong></span> <span class='ocrx_word' id='word_1_124' title='bbox 804 2605 1062 2686; x_wconf 85' lang='lat' dir='ltr'><strong>eadem</strong></span> <span class='ocrx_word' id='word_1_125' title='bbox 1100 2610 1368 2684; x_wconf 85' lang='lat' dir='ltr'><strong>Civitas</strong></span> <span class='ocrx_word' id='word_1_126' title='bbox 1411 2607 1748 2712; x_wconf 78' lang='lat' dir='ltr'><strong>personis</strong></span> <span class='ocrx_word' id='word_1_127' title='bbox 1775 2655 1800 2696; x_wconf 77' lang='lat'>‚</span> <span class='ocrx_word' id='word_1_128' title='bbox 1855 2604 2115 2697; x_wconf 57' lang='lat' dir='ltr'><strong>reba-13</strong></span> <span class='ocrx_word' id='word_1_129' title='bbox 2169 2627 2247 2683; x_wconf 88' lang='lat' dir='ltr'><strong>et</strong></span> <span class='ocrx_word' id='word_1_130' title='bbox 2291 2611 2506 2684; x_wconf 86' lang='lat' dir='ltr'><strong>bonis</strong></span> <span class='ocrx_word' id='word_1_131' title='bbox 2544 2608 2719 2681; x_wconf 81' lang='lat' dir='ltr'><strong>latius</strong></span> 
     </span>
     <span class='ocr_line' id='line_1_21' title="bbox 564 2711 2718 2814; baseline -0.002 -26"><span class='ocrx_word' id='word_1_132' title='bbox 564 2728 1122 2814; x_wconf 58' lang='lat' dir='ltr'><strong>augmentant,</strong></span> <span class='ocrx_word' id='word_1_133' title='bbox 1180 2713 1274 2788; x_wconf 89' lang='lat' dir='ltr'><strong>de</strong></span> <span class='ocrx_word' id='word_1_134' title='bbox 1344 2711 1655 2791; x_wconf 87' lang='lat' dir='ltr'><strong>consilio</strong></span> <span class='ocrx_word' id='word_1_135' title='bbox 1717 2713 2219 2789; x_wconf 77' lang='lat' dir='ltr'><strong>praelatorum</strong></span> <span class='ocrx_word' id='word_1_136' title='bbox 2259 2733 2337 2791; x_wconf 81' lang='lat' dir='ltr'><strong>et:</strong></span> <span class='ocrx_word' id='word_1_137' title='bbox 2381 2718 2718 2793; x_wconf 84' lang='lat' dir='ltr'><strong>Baronum</strong></span> 
     </span>
     <span class='ocr_line' id='line_1_22' title="bbox 521 2819 2720 2923; baseline -0 -29"><span class='ocrx_word' id='word_1_138' title='bbox 521 2861 531 2876; x_wconf 48' lang='grc'><em>’</em></span> <span class='ocrx_word' id='word_1_139' title='bbox 566 2819 1011 2895; x_wconf 83' lang='lat' dir='ltr'><strong>Nostrorum</strong></span> <span class='ocrx_word' id='word_1_140' title='bbox 1034 2875 1056 2911; x_wconf 90' lang='lat'>‚</span> <span class='ocrx_word' id='word_1_141' title='bbox 1116 2820 1354 2895; x_wconf 88' lang='lat' dir='ltr'><strong>eidem</strong></span> <span class='ocrx_word' id='word_1_142' title='bbox 1399 2819 1698 2895; x_wconf 84' lang='lat' dir='ltr'><strong>Civitati</strong></span> <span class='ocrx_word' id='word_1_143' title='bbox 1733 2819 2110 2923; x_wconf 84' lang='lat' dir='ltr'><strong>ipsiusque</strong></span> <span class='ocrx_word' id='word_1_144' title='bbox 2151 2822 2427 2899; x_wconf 88' lang='lat' dir='ltr'><strong>Incolis</strong></span> <span class='ocrx_word' id='word_1_145' title='bbox 2451 2822 2546 2898; x_wconf 89' lang='lat' dir='ltr'><strong>de</strong></span> <span class='ocrx_word' id='word_1_146' title='bbox 2573 2845 2720 2922; x_wconf 73' lang='lat' dir='ltr'><strong>gra-</strong></span> 
     </span>
     <span class='ocr_line' id='line_1_23' title="bbox 567 2924 2720 3031; baseline -0.002 -28"><span class='ocrx_word' id='word_1_147' title='bbox 567 2926 667 3004; x_wconf 89' lang='lat' dir='ltr'><strong>tia</strong></span> <span class='ocrx_word' id='word_1_148' title='bbox 716 2924 1011 3031; x_wconf 84' lang='lat' dir='ltr'><strong>speciali</strong></span> <span class='ocrx_word' id='word_1_149' title='bbox 1068 2929 1609 3015; x_wconf 83' lang='lat' dir='ltr'><strong>concessimus,</strong></span> <span class='ocrx_word' id='word_1_150' title='bbox 1665 2951 1751 3000; x_wconf 86' lang='lat' dir='ltr'><strong>ac</strong></span> <span class='ocrx_word' id='word_1_151' title='bbox 1802 2929 2297 3029; x_wconf 87' lang='lat' dir='ltr'><strong>praesentium</strong></span> <span class='ocrx_word' id='word_1_152' title='bbox 2335 2927 2720 3007; x_wconf 84' lang='lat' dir='ltr'><strong>testimonio</strong></span> 
     </span>
     <span class='ocr_line' id='line_1_24' title="bbox 564 3028 2719 3135; baseline -0.003 -26"><span class='ocrx_word' id='word_1_153' title='bbox 564 3028 1045 3111; x_wconf 78' lang='lat' dir='ltr'><strong>concedimus</strong></span> <span class='ocrx_word' id='word_1_154' title='bbox 1090 3050 1166 3108; x_wconf 86' lang='lat' dir='ltr'><strong>et</strong></span> <span class='ocrx_word' id='word_1_155' title='bbox 1208 3033 1613 3125; x_wconf 74' lang='lat' dir='ltr'><strong>donau-us,</strong></span> <span class='ocrx_word' id='word_1_156' title='bbox 1670 3031 1975 3135; x_wconf 86' lang='lat' dir='ltr'><strong>singulis</strong></span> <span class='ocrx_word' id='word_1_157' title='bbox 2008 3036 2214 3110; x_wconf 89' lang='lat' dir='ltr'><strong>annis</strong></span> <span class='ocrx_word' id='word_1_158' title='bbox 2243 3037 2322 3110; x_wconf 87' lang='lat' dir='ltr'><strong>in</strong></span> <span class='ocrx_word' id='word_1_159' title='bbox 2367 3034 2719 3113; x_wconf 82' lang='lat' dir='ltr'><strong>Dominica</strong></span> 
     </span>
     <span class='ocr_line' id='line_1_25' title="bbox 563 3140 2721 3242; baseline -0.001 -27"><span class='ocrx_word' id='word_1_160' title='bbox 563 3141 874 3216; x_wconf 82' lang='lat' dir='ltr'><strong>Laetare</strong></span> <span class='ocrx_word' id='word_1_161' title='bbox 929 3143 1269 3241; x_wconf 81' lang='lat' dir='ltr'><strong>proxime</strong></span> <span class='ocrx_word' id='word_1_162' title='bbox 1318 3159 1626 3218; x_wconf 76' lang='lat' dir='ltr'><strong>ventura</strong></span> <span class='ocrx_word' id='word_1_163' title='bbox 1678 3140 2154 3242; x_wconf 85' lang='lat' dir='ltr'><strong>incipiendo,</strong></span> <span class='ocrx_word' id='word_1_164' title='bbox 2210 3160 2393 3221; x_wconf 88' lang='lat' dir='ltr'><strong>octo</strong></span> <span class='ocrx_word' id='word_1_165' title='bbox 2438 3143 2589 3221; x_wconf 82' lang='lat' dir='ltr'><strong>dies</strong></span> <span class='ocrx_word' id='word_1_166' title='bbox 2620 3167 2721 3213; x_wconf 86' lang='lat' dir='ltr'><strong>an·</strong></span> 
     </span>
     <span class='ocr_line' id='line_1_26' title="bbox 563 3246 2722 3353; baseline -0.002 -30"><span class='ocrx_word' id='word_1_167' title='bbox 563 3264 640 3324; x_wconf 82' lang='lat' dir='ltr'><strong>te</strong></span> <span class='ocrx_word' id='word_1_168' title='bbox 678 3251 908 3353; x_wconf 86' lang='lat' dir='ltr'><strong>ipsam</strong></span> <span class='ocrx_word' id='word_1_169' title='bbox 954 3249 1440 3341; x_wconf 88' lang='lat' dir='ltr'><strong>Dominicam‚</strong></span> <span class='ocrx_word' id='word_1_170' title='bbox 1498 3262 1574 3321; x_wconf 87' lang='lat' dir='ltr'><strong>et</strong></span> <span class='ocrx_word' id='word_1_171' title='bbox 1611 3265 1782 3323; x_wconf 91' lang='lat' dir='ltr'><strong>octo</strong></span> <span class='ocrx_word' id='word_1_172' title='bbox 1818 3246 1977 3322; x_wconf 88' lang='lat' dir='ltr'><strong>dies</strong></span> <span class='ocrx_word' id='word_1_173' title='bbox 2020 3267 2187 3350; x_wconf 86' lang='lat' dir='ltr'><strong>post</strong></span> <span class='ocrx_word' id='word_1_174' title='bbox 2222 3251 2529 3328; x_wconf 89' lang='lat' dir='ltr'><strong>candem</strong></span> <span class='ocrx_word' id='word_1_175' title='bbox 2564 3272 2722 3322; x_wconf 85' lang='lat' dir='ltr'><strong>nun·</strong></span> 
     </span>
     <span class='ocr_line' id='line_1_27' title="bbox 469 3351 2723 3442; baseline -0.002 -12"><span class='ocrx_word' id='word_1_176' title='bbox 469 3421 477 3430; x_wconf 91' lang='lat'>.</span> <span class='ocrx_word' id='word_1_177' title='bbox 568 3353 771 3431; x_wconf 87' lang='lat' dir='ltr'><strong>dinas</strong></span> <span class='ocrx_word' id='word_1_178' title='bbox 818 3380 949 3430; x_wconf 88' lang='lat' dir='ltr'><strong>seu</strong></span> <span class='ocrx_word' id='word_1_179' title='bbox 982 3354 1232 3430; x_wconf 67' lang='lat' dir='ltr'><strong>fortun</strong></span> <span class='ocrx_word' id='word_1_180' title='bbox 1275 3356 1591 3431; x_wconf 78' lang='lat' dir='ltr'><strong>annuale</strong></span> <span class='ocrx_word' id='word_1_181' title='bbox 1634 3355 1711 3428; x_wconf 87' lang='lat' dir='ltr'><strong>in</strong></span> <span class='ocrx_word' id='word_1_182' title='bbox 1751 3355 1946 3430; x_wconf 86' lang='lat' dir='ltr'><strong>dicta</strong></span> <span class='ocrx_word' id='word_1_183' title='bbox 1978 3356 2293 3442; x_wconf 79' lang='lat' dir='ltr'><strong>Civitate</strong></span> <span class='ocrx_word' id='word_1_184' title='bbox 2337 3351 2723 3434; x_wconf 74' lang='lat' dir='ltr'><strong>posoniensi</strong></span> 
     </span>
     <span class='ocr_line' id='line_1_28' title="bbox 564 3461 2723 3564; baseline 0 -31"><span class='ocrx_word' id='word_1_185' title='bbox 564 3476 931 3564; x_wconf 87' lang='lat' dir='ltr'><strong>perpetuo</strong></span> <span class='ocrx_word' id='word_1_186' title='bbox 985 3461 1505 3539; x_wconf 82' lang='lat' dir='ltr'><strong>celebraturas.</strong></span> <span class='ocrx_word' id='word_1_187' title='bbox 1611 3463 1787 3552; x_wconf 89' lang='lat' dir='ltr'><strong>Quo</strong></span> <span class='ocrx_word' id='word_1_188' title='bbox 1841 3462 2045 3536; x_wconf 85' lang='lat' dir='ltr'><strong>circa</strong></span> <span class='ocrx_word' id='word_1_189' title='bbox 2075 3490 2226 3540; x_wconf 82' lang='lat' dir='ltr'><strong>-vos</strong></span> <span class='ocrx_word' id='word_1_190' title='bbox 2258 3471 2630 3541; x_wconf 77' lang='lat' dir='ltr'><strong>universos</strong></span> <span class='ocrx_word' id='word_1_191' title='bbox 2664 3472 2723 3532; x_wconf 83' lang='lat' dir='ltr'><strong>et</strong></span> 
     </span>
     <span class='ocr_line' id='line_1_29' title="bbox 556 3563 2721 3676; baseline 0 -35"><span class='ocrx_word' id='word_1_192' title='bbox 556 3567 881 3671; x_wconf 83' lang='lat' dir='ltr'><strong>singulos</strong></span> <span class='ocrx_word' id='word_1_193' title='bbox 936 3563 1388 3676; x_wconf 69' lang='lat' dir='ltr'><strong>Mercator-es</strong></span> <span class='ocrx_word' id='word_1_194' title='bbox 1416 3627 1436 3664; x_wconf 93' lang='lat'><strong>,</strong></span> <span class='ocrx_word' id='word_1_195' title='bbox 1492 3587 1567 3644; x_wconf 88' lang='lat' dir='ltr'><strong>et</strong></span> <span class='ocrx_word' id='word_1_196' title='bbox 1616 3570 1918 3645; x_wconf 84' lang='lat' dir='ltr'><strong>alterius</strong></span> <span class='ocrx_word' id='word_1_197' title='bbox 1957 3574 2471 3676; x_wconf 82' lang='lat' dir='ltr'><strong>negotiationis</strong></span> <span class='ocrx_word' id='word_1_198' title='bbox 2506 3567 2721 3667; x_wconf 68' lang='lat' dir='ltr'><strong>homi-7</strong></span> 
     </span>
     <span class='ocr_line' id='line_1_30' title="bbox 557 3670 2718 3785; baseline 0.001 -40"><span class='ocrx_word' id='word_1_199' title='bbox 557 3699 726 3766; x_wconf 76' lang='lat' dir='ltr'><strong>neS‚</strong></span> <span class='ocrx_word' id='word_1_200' title='bbox 785 3670 876 3747; x_wconf 85' lang='lat' dir='ltr'><strong>ad</strong></span> <span class='ocrx_word' id='word_1_201' title='bbox 933 3703 1120 3778; x_wconf 83' lang='lat' dir='ltr'><strong>quos</strong></span> <span class='ocrx_word' id='word_1_202' title='bbox 1179 3675 1674 3779; x_wconf 85' lang='lat' dir='ltr'><strong>praesentium</strong></span> <span class='ocrx_word' id='word_1_203' title='bbox 1724 3673 1983 3753; x_wconf 87' lang='lat' dir='ltr'><strong>notitia</strong></span> <span class='ocrx_word' id='word_1_204' title='bbox 2024 3681 2455 3785; x_wconf 81' lang='lat' dir='ltr'><strong>pervenerit</strong></span> <span class='ocrx_word' id='word_1_205' title='bbox 2497 3673 2718 3753; x_wconf 83' lang='lat' dir='ltr'><strong>affida-</strong></span> 
     </span>
     <span class='ocr_line' id='line_1_31' title="bbox 556 3779 2717 3889; baseline -0.002 -35"><span class='ocrx_word' id='word_1_206' title='bbox 556 3804 720 3855; x_wconf 87' lang='lat' dir='ltr'><strong>mus</strong></span> <span class='ocrx_word' id='word_1_207' title='bbox 758 3796 832 3854; x_wconf 88' lang='lat' dir='ltr'><strong>et</strong></span> <span class='ocrx_word' id='word_1_208' title='bbox 871 3803 1420 3880; x_wconf 69' lang='lat' dir='ltr'><strong>ussewi-amus,</strong></span> <span class='ocrx_word' id='word_1_209' title='bbox 1504 3800 1867 3888; x_wconf 83' lang='lat' dir='ltr'><strong>quatenus</strong></span> <span class='ocrx_word' id='word_1_210' title='bbox 1910 3780 2004 3857; x_wconf 89' lang='lat' dir='ltr'><strong>ad</strong></span> <span class='ocrx_word' id='word_1_211' title='bbox 2057 3781 2422 3889; x_wconf 84' lang='lat' dir='ltr'><strong>praefatas</strong></span> <span class='ocrx_word' id='word_1_212' title='bbox 2469 3779 2717 3861; x_wconf 88' lang='lat' dir='ltr'><strong>Nundi-</strong></span> 
     </span>
     <span class='ocr_line' id='line_1_32' title="bbox 557 3884 2718 3980; baseline 0 -21"><span class='ocrx_word' id='word_1_213' title='bbox 557 3910 732 3980; x_wconf 87' lang='lat' dir='ltr'><strong>nas‚</strong></span> <span class='ocrx_word' id='word_1_214' title='bbox 785 3911 913 3962; x_wconf 88' lang='lat' dir='ltr'><strong>seu</strong></span> <span class='ocrx_word' id='word_1_215' title='bbox 962 3884 1203 3964; x_wconf 85' lang='lat' dir='ltr'><strong>forum</strong></span> <span class='ocrx_word' id='word_1_216' title='bbox 1240 3890 1558 3968; x_wconf 85' lang='lat' dir='ltr'><strong>annuale</strong></span> <span class='ocrx_word' id='word_1_217' title='bbox 1590 3887 2022 3978; x_wconf 75' lang='lat' dir='ltr'><strong>incivitate</strong></span> <span class='ocrx_word' id='word_1_218' title='bbox 2062 3892 2486 3967; x_wconf 81' lang='lat' dir='ltr'><strong>Posoniensi</strong></span> <span class='ocrx_word' id='word_1_219' title='bbox 2528 3905 2718 3965; x_wconf 81' lang='lat' dir='ltr'><strong>statu·</strong></span> 
     </span>
     <span class='ocr_line' id='line_1_33' title="bbox 557 3991 2715 4101; baseline 0 -33"><span class='ocrx_word' id='word_1_220' title='bbox 557 4007 718 4068; x_wconf 90' lang='lat' dir='ltr'><strong>tum</strong></span> <span class='ocrx_word' id='word_1_221' title='bbox 758 3992 851 4069; x_wconf 90' lang='lat' dir='ltr'><strong>ad</strong></span> <span class='ocrx_word' id='word_1_222' title='bbox 892 3991 1048 4072; x_wconf 88' lang='lat' dir='ltr'><strong>dies</strong></span> <span class='ocrx_word' id='word_1_223' title='bbox 1080 3996 1154 4069; x_wconf 89' lang='lat' dir='ltr'><strong>in</strong></span> <span class='ocrx_word' id='word_1_224' title='bbox 1206 3998 1714 4101; x_wconf 85' lang='lat' dir='ltr'><strong>praesentibus</strong></span> <span class='ocrx_word' id='word_1_225' title='bbox 1746 3997 2051 4072; x_wconf 75' lang='lat' dir='ltr'><strong>Litteris</strong></span> <span class='ocrx_word' id='word_1_226' title='bbox 2087 3995 2527 4083; x_wconf 85' lang='lat' dir='ltr'><strong>declaratos,</strong></span> <span class='ocrx_word' id='word_1_227' title='bbox 2596 4017 2715 4069; x_wconf 75' lang='lat' dir='ltr'><strong>una</strong></span> 
     </span>
     <span class='ocr_line' id='line_1_34' title="bbox 555 4097 2715 4206; baseline 0.001 -32"><span class='ocrx_word' id='word_1_228' title='bbox 555 4125 726 4175; x_wconf 88' lang='lat' dir='ltr'><strong>cum</strong></span> <span class='ocrx_word' id='word_1_229' title='bbox 768 4097 994 4177; x_wconf 85' lang='lat' dir='ltr'><strong>rebus</strong></span> <span class='ocrx_word' id='word_1_230' title='bbox 1055 4120 1129 4177; x_wconf 88' lang='lat' dir='ltr'><strong>et</strong></span> <span class='ocrx_word' id='word_1_231' title='bbox 1166 4105 1582 4199; x_wconf 85' lang='lat' dir='ltr'><strong>mercibus,</strong></span> <span class='ocrx_word' id='word_1_232' title='bbox 1640 4131 1820 4206; x_wconf 84' lang='lat' dir='ltr'><strong>quas</strong></span> <span class='ocrx_word' id='word_1_233' title='bbox 1879 4100 2238 4186; x_wconf 73' lang='lat' dir='ltr'><strong>adducitis</strong></span> <span class='ocrx_word' id='word_1_234' title='bbox 2267 4163 2288 4200; x_wconf 87' lang='lat'>‚</span> <span class='ocrx_word' id='word_1_235' title='bbox 2342 4109 2494 4181; x_wconf 89' lang='lat' dir='ltr'><strong>sine</strong></span> <span class='ocrx_word' id='word_1_236' title='bbox 2537 4097 2715 4179; x_wconf 85' lang='lat' dir='ltr'><strong>omni</strong></span> 
     </span>
     <span class='ocr_line' id='line_1_35' title="bbox 555 4206 2713 4319; baseline 0 -39"><span class='ocrx_word' id='word_1_237' title='bbox 555 4206 811 4285; x_wconf 86' lang='lat' dir='ltr'><strong>tributi</strong></span> <span class='ocrx_word' id='word_1_238' title='bbox 867 4207 1232 4288; x_wconf 79' lang='lat' dir='ltr'><strong>solutione</strong></span> <span class='ocrx_word' id='word_1_239' title='bbox 1281 4209 1367 4287; x_wconf 88' lang='lat' dir='ltr'><strong>ad</strong></span> <span class='ocrx_word' id='word_1_240' title='bbox 1411 4213 1642 4319; x_wconf 87' lang='lat' dir='ltr'><strong>ipsam</strong></span> <span class='ocrx_word' id='word_1_241' title='bbox 1699 4213 2095 4289; x_wconf 79' lang='lat' dir='ltr'><strong>Civitatem</strong></span> <span class='ocrx_word' id='word_1_242' title='bbox 2151 4210 2541 4297; x_wconf 80' lang='lat' dir='ltr'><strong>accedet-e,</strong></span> <span class='ocrx_word' id='word_1_243' title='bbox 2595 4206 2713 4282; x_wconf 82' lang='lat' dir='ltr'><strong>ibi-</strong></span> 
     </span>
    </p>
   </div>
  </div>
 </body>
</html>
