2875 4842
722 520 881 595 212

620 723 1194 805 consuetudines
1262 723 1515 828 regni,
1612 723 2230 801 conservatione.·
2314 724 2553 801 Prout
2612 721 2777 801 baec

617 832 867 911 omnia
907 835 979 907 in
1014 826 1342 907 articulis
1382 827 1721 935 praefato
1756 828 2249 910 Serenissimo
2284 831 2618 937 Principi
2641 833 2776 910 Do-

614 940 820 1017 mino
857 939 1067 1016 fratri
1106 952 1181 1012 et
1218 954 1487 1040 patruo
1516 953 1776 1012 nostro
1814 934 2242 1016 charissimo
2280 937 2625 1015 exhibitis
2649 991 2677 1026 ,
2709 955 2778 1014 et

617 1045 881 1123 oblatis
916 1044 1364 1148 capitulatim
1393 1042 1733 1120 distincte
1775 1058 1851 1119 et
1887 1043 2234 1146 specifice
2272 1065 2444 1124 sunt
2476 1070 2779 1149 expres·

614 1179 734 1246 sa,
791 1149 1211 1238 ordinabit,
1267 1150 1615 1244 dictabit,
1695 1150 2258 1255 pronunciabit,
2327 1149 2584 1249 faciet,
2635 1150 2778 1227 dif-

613 1258 820 1337 finiet
866 1276 942 1335 et
981 1253 1417 1350 concludet,
1473 1254 1681 1360 quod
1733 1254 1878 1332 hoc
1922 1257 2160 1363 ipsum
2213 1258 2594 1345 volumus,
2650 1258 2776 1334 de-

615 1365 879 1443 bemus
943 1381 1021 1441 et
1056 1372 1443 1457 tenemur,
1495 1359 1777 1466 absqu'e
1829 1360 2088 1439 fraude
2141 1382 2217 1441 et
2262 1365 2437 1442 dolo
2489 1382 2768 1450 tenere,

612 1472 899 1554 facere.
992 1469 1397 1574 adimplere
1458 1488 1529 1543 et
1595 1468 2125 1549 inuiolabiliter
2171 1471 2600 1550 obseruare.
2647 1470 2772 1546 'Et

609 1578 1087 1654 nihilominus
1145 1577 1223 1649 in
1298 1575 1644 1651 omnibus
1711 1592 1786 1651 et
1850 1579 2153 1681 singulis
2212 1578 2455 1654 eidem
2524 1597 2770 1657 nostro

609 1687 933 1790 gratioso
998 1680 1317 1757 Domino
1372 1683 1609 1757 Fratri
1653 1700 1732 1758 et
1790 1701 2049 1786 patruo
2101 1685 2565 1778 charissimo,
2621 1689 2772 1761 Do·

607 1795 811 1866 mino
871 1788 1354 1882 WenceslaO,
1410 1790 1927 1865 Romanorum
1976 1807 2051 1866 et
2105 1791 2504 1868 Bohemiae
2550 1792 2770 1894 Regi,

605 1914 957 1998 tanquam
989 1893 1419 1971 arbitraturi
1462 1894 1829 1970 amicabili
1883 1900 2363 2002 compositori
2399 1917 2476 1976 et
2515 1898 2772 1975 diffini-

605 2006 759 2082 tori
786 2056 813 2098 ‚
868 2001 1014 2078 fide
1073 2018 1150 2077 et
1202 2004 1518 2093 virtute,
1558 2001 1848 2103 quibus
1887 2027 2151 2109 supra,
2204 2002 2657 2100 deliberate,
2706 2014 2773 2079 et

464 2108 477 2123 ‘
605 2121 912 2184 excerta
952 2124 1203 2182 nostra
1238 2108 1542 2199 scientia
1595 2107 1995 2198 dedimus,'
2029 2128 2105 2187 et
2153 2112 2411 2188 damus
2447 2140 2591 2219 pro
2629 2138 2771 2217 par·

609 2232 684 2293 te
755 2218 1009 2289 nostra
1056 2229 1135 2289 et
1182 2215 1514 2287 omnium
1574 2210 2445 2313 nobisuadhaerentium‚
2498 2218 2771 2325 plenam

603 2345 1084 2426 expressam,
1156 2336 1232 2393 et
1292 2318 1797 2394 omnimodam
1837 2334 2277 2424 potestatem
2307 2381 2329 2420 ‚
2384 2350 2618 2431 super
2652 2351 2769 2402 ca-
2859 2326 2860 2381 ἒ

606 2428 856 2535 pitulis
913 2444 988 2501 et
1020 2424 1344 2500 articulis
1389 2424 1822 2528 supradictis
1851 2483 1874 2521 ‚
1931 2447 2009 2504 et
2047 2428 2344 2523 eosdem
2392 2435 2769 2537 corrigen-

606 2537 726 2629 di,
776 2531 1135 2623 addendi,
1190 2529 1612 2626 minuendi,
1666 2531 2130 2627 declarandi,
2174 2537 2767 2644 interloquendi,

609 2656 689 2719 et
743 2641 968 2729 etiam
1018 2636 1463 2732 diffiniendi,
1519 2637 1937 2716 secundum
1981 2668 2285 2719 omnem
2336 2646 2768 2747 aequitatem

608 2763 687 2823 et
739 2747 960 2820 etiam
1012 2743 1378 2818 rationem
1399 2751 1430 2829 ,'
1477 2762 1707 2843 prout
1758 2750 1963 2848 regio
2018 2747 2285 2826 honori
2336 2778 2476 2828 suo
2524 2770 2602 2828 et
2637 2776 2769 2826 no·-

612 2870 809 2928 strae
870 2847 1159 2946 (notae)
1217 2873 1389 2925 suae
1455 2847 1853 2947 Maiestatis
1910 2855 2312 2933 industriae
2373 2858 2768 2941 videbitur,

613 2954 905 3050 uilius,
975 2952 1357 3030 honestius
1389 3011 1410 3050 ‚
1486 2975 1708 3060 atque
1765 2946 2141 3038 decentius
2197 2962 2600 3066 expedite,
2653 2992 2770 3039 ra-

615 3082 821 3158 tum,
877 3078 1209 3166 gratum,
1286 3060 1625 3155 firmum,
1700 3063 2007 3162 stabile,
2063 3085 2136 3144 et
2179 3069 2771 3148 incommutabile

618 3194 1240 3278 permansurum,
1337 3172 1843 3273 promittentes
1914 3192 1994 3249 et
2069 3175 2342 3252 habere
2413 3176 2770 3267 volentes,

616 3275 757 3355 sub
815 3275 981 3352 data
1025 3274 1234 3349 bona
1296 3294 1543 3351 nostra
1595 3274 1742 3352 fide
1802 3280 2220 3381 praedicta,
2292 3281 2653 3388 quidquid
2700 3284 2766 3356 in

618 3381 1036 3485 praemissis
1070 3398 1151 3456 et
1182 3405 1438 3456 eorum
1477 3384 1728 3486 aliquo
1749 3411 1885 3487 per
1922 3386 2195 3463 dictum
2216 3388 2769 3466 Serenissimum

490 3572 495 3589 Ι
618 3490 1035 3593 Principem
1061 3542 1083 3579 ‚
1127 3490 1520 3589 gratiosum
1556 3508 1884 3565 nostrum
1919 3494 2327 3572 Dominum
2365 3498 2670 3574 fratrem
2697 3509 2768 3570 et

619 3612 960 3697 patruum
1011 3592 1512 3671 charissimum
1567 3595 1971 3673 Dominum
2034 3602 2556 3679 Wenceslaum
2612 3606 2767 3679 Ro-

619 3726 1005 3775 manorum
1057 3718 1129 3775 et
1180 3698 1572 3777 Bohemiae
1619 3728 1869 3804 regem
1924 3705 2238 3801 factum,
2271 3710 2766 3799 declaratum,

619 3804 1069 3890 ordinatum.
1125 3825 1201 3883 et
1244 3806 1811 3911 quomodolibet
1849 3802 2077 3889 fuerit
2108 3815 2516 3893 diffinitum.
2576 3818 2769 3891 Prae-

617 3913 929 3988 sentium
980 3912 1118 3987 sub
1174 3922 1592 3991 hostrorum
1641 3913 2089 4019 sigismundi
2126 3940 2201 3997 et
2261 3923 2531 4001 Jodoci
2579 3950 2766 4028 pras-
2855 3996 2856 3999 ,

619 4020 989 4095 dictorum
1011 4015 1261 4121 sigillis
1287 4023 1709 4100 testimonio
1734 4026 2128 4102 literarum.
2179 4031 2444 4105 Datum
2478 4035 2554 4107 in
2581 4058 2765 4107 cam·
2855 4044 2856 4057 ¹

622 4129 734 4228 pis
774 4153 1008 4230 prope
1048 4127 1456 4201 Jaurinum.
1515 4135 1735 4203 Anno
1765 4132 2060 4208 Domini
2091 4133 2758 4215 MCCCLXXXVI.

624 4235 764 4310 Die
796 4234 1177 4307 vndecima
1216 4229 1491 4309 Mensis
1527 4234 1775 4309 Maii.“

695 4339 869 4418 Apud
902 4340 1217 4401 Balbinum
1250 4340 1288 4402 1.
1324 4357 1377 4403 c.
1417 4342 1561 4400 solio
1600 4342 1743 4405 177.
1782 4360 1908 4419 sqq.
