2875 4842
1528 476 1539 507 l

2106 522 2256 596 451

179 729 327 807 bns
380 730 978 836 Archiepiscopis
1036 745 1113 805 et
1169 731 1405 804 tercio
1458 726 2028 826 valetudinari0‚
2084 752 2161 809 et
2206 763 2374 842 pro.

175 855 371 914 tunc
455 852 817 941 nusquam
894 854 1248 941 compote
1313 837 1625 912 rationis
1660 892 1681 928 ‚
1800 836 2151 939 faccionis
2243 867 2374 920 sue

181 946 722 1049 complicibus,
761 964 837 1020 et
876 943 1033 1019 aliis
1078 939 1493 1018 fautoribus
1533 941 2094 1055 inobediendia,
2147 966 2224 1024 et
2262 976 2379 1025 re,

181 1051 535 1129 bellionis
593 1051 886 1155 erigens
955 1052 1420 1143 calcaneum,
1505 1048 1773 1122 nedum
1840 1051 2377 1155 ingratitudinis

185 1161 389 1234 vicio
428 1158 895 1260 denigratu8‚
973 1182 1232 1233 verum
1283 1181 1462 1230 ausu
1514 1159 1915 1230 temerario
1970 1184 2049 1234 se
2108 1163 2375 1239 Roma·

190 1293 461 1340 norum
501 1269 788 1365 Regem
831 1268 1211 1340 nominare
1251 1278 1604 1356 conatus,
1662 1281 1983 1339 mutatus
2024 1269 2099 1341 in
2130 1270 2376 1373 Ange·

187 1373 345 1447 lum
395 1373 706 1465 Sanane,
768 1371 1127 1474 Angelum
1169 1370 1352 1445 lucis
1384 1394 1464 1443 se
1504 1367 1782 1471 fingens
1809 1428 1826 1454 ‚
1883 1368 2137 1450 sedem
2183 1376 2377 1451 loca·

189 1505 284 1553 re
315 1481 567 1554 nititur
610 1481 684 1551 in
732 1476 960 1557 latere
1005 1476 1390 1581 aquilonis.
1449 1476 1615 1567 Que
1653 1475 1994 1553 factionis
2038 1482 2377 1559 immuni-

191 1605 308 1662 tas
339 1604 415 1661 et
462 1591 741 1664 crimen
781 1586 932 1662 lese
978 1585 1375 1660 Maiestatis
1415 1579 1667 1685 regie,
1747 1601 1904 1658 tum
1954 1588 2194 1664 omnis

191 1696 510 1784 testatis,
568 1718 719 1796 que
760 1720 801 1767 a
860 1692 1177 1767 Domino
1212 1690 1376 1764 Deo
1417 1707 1571 1783 est,
1637 1690 1945 1767 molitur
1991 1617 2382 1773 conculct-

191 1830 282 1876 re
320 1799 640 1875 dominia
668 1851 694 1887 ,
733 1816 887 1875 tum
925 1826 966 1872 a
1003 1794 1307 1872 subditis
1330 1796 1676 1900 exemplo
1713 1797 1930 1871 simili
1962 1798 2217 1902 iugum
2258 1829 2382 1878 ex·

173 1926 452 2005 -cutere
493 1906 741 1981 debite
778 1908 1171 1981 seruitutis.
1238 1902 1346 1976 Ex
1384 1929 1537 2006 quo
1577 1902 1849 1977 nedum
1893 1930 2117 2005 regna
2156 1909 2385 2009 queli-

191 2014 359 2104 bet,
419 2040 551 2118 per
591 2012 945 2087 libertatis
981 2008 1297 2086 nefande
1337 2008 1818 2114 dampnosam
1875 2013 2250 2089 audaciam
2300 2021 2384 2092 in·

192 2119 633 2195 diuisionem
676 2119 1149 2196 desolationis
1191 2144 1456 2206 ruere,
1543 2136 1625 2193 vt
1679 2143 1935 2191 veram
1993 2123 2382 2199 conculca·

193 2229 492 2303 cionem
554 2224 1221 2301 irremedicabilem
1281 2227 1742 2299 sustinerent.
1820 2226 1934 2300 Ne
1988 2244 2386 2330 ergotam·

192 2334 610 2439 perniciose
649 2332 1075 2408 rebellionis
1114 2336 1478 2408 temeritas
1521 2328 1693 2405 dicti
1718 2333 2225 2433 ‘Ruperti—sibi
2270 2363 2382 2411 re-

193 2441 369 2516 deat
407 2428 520 2514 ad'
547 2441 877 2542 gloriam,
933 2463 1072 2513 nos
1108 2465 1282 2514 cum
1311 2435 1801 2513 serenissimo
1839 2439 2181 2544 Principe
2224 2443 2382 2519 Do·

193 2553 443 2640 mino,
523 2542 999 2651 Sigismundo
1026 2601 1048 2641 ‚
1126 2546 1491 2647 Vn-garie,
1567 2543 1967 2640 Dalmatie‚
2023 2546 2380 2646 croacie,

195 2675 335 2732 etc.
388 2656 638 2759 Rege,
697 2650 774 2728 S.
814 2657 907 2729 R.
942 2654 998 2727 I.
1042 2679 1174 2755 per
1208 2670 1439 2728 totum
1499 2652 1926 2727 Romanum
1975 2652 2387 2759 Imperium

194 2763 500 2857 Vicario
547 2762 940 2853 Generali‚
997 2760 1225 2833 fratre
1255 2758 1969 2854 nostronarissimo,
2022 2763 2098 2836 in
2136 2767 2383 2838 vuani-

192 2874 333 2946 mis
378 2869 816 2959 voluntatis,
872 2864 1357 2942 indissolubili
1420 2864 1717 2940 vinculo
1772 2865 2127 2961 federati,
2185 2897 2389 2945 eun·-

196 2976 369 3052 dem
404 2966 714 3052 fratrem
768 2994 1097 3051 nostrum
1167 2973 1628 3047 karissimum
1685 2968 2033 3066 fecimuS,
2091 2976 2385 3053 ordina-

196 3086 481 3178 uimus‚
536 3083 1089 3169 constituimus,
1144 3078 1434 3154 meliori
1479 3078 1703 3153 modo
1743 3097 1814 3155 et
1852 3079 2136 3173 forma,
2213 3086 2383 3185 qui-

145 3216 150 3221 ·
196 3190 337 3268 bus
379 3190 534 3266 fieri
579 3206 821 3293 potest
840 3200 870 3281 ,“
916 3205 1246 3263 nostrum
1289 3204 1365 3261 et
1424 3188 1726 3287 Imperii
1787 3184 1996 3261 Sacri
2057 3191 2383 3264 Romani

195 3316 342 3373 tam
388 3325 522 3400 per
567 3296 1020 3370 Alemaniam
1064 3352 1084 3389 ,
1121 3320 1357 3398 quam
1395 3293 1675 3369 Italiam
1702 3349 1722 3386 ,
1777 3311 1853 3368 et
1895 3294 2067 3369 alias
2109 3323 2247 3399 per
2270 3315 2380 3374 to-

196 3411 358 3481 cius
389 3405 466 3480 S.
500 3407 588 3480 R.
621 3405 679 3477 I.
714 3404 1067 3476 ambitum
1104 3429 1361 3476 verum
1386 3455 1406 3492 ,
1448 3401 1854 3503 legitimum
1895 3400 2399 3500 ordinarium„

195 3531 278 3589 et
304 3509 877 3588 irreuocabilem
918 3511 1274 3583 vicarium
1303 3508 1754 3603 Generalem
1807 3525 1883 3581 et
1926 3504 2000 3580 in
2038 3506 2180 3583 hoc
2240 3535 2375 3588 nos

198 3637 463 3694 mutuo
504 3615 914 3707 infiximus,
971 3615 1447 3691 solidauimus
1472 3671 1493 3706 ,
1549 3632 1625 3689 et
1655 3611 2107 3690 firmauimus
2141 3616 2385 3701 inuio-

197 3726 520 3802 labiliter
594 3742 876 3799 mentes
948 3741 1250 3799 nostras.
1308 3740 1448 3796 etc.
1540 3723 1807 3794 Datum
1867 3722 1942 3796 in
2006 3726 2376 3805 montibus

202 3832 511 3911 Cuthnis
552 3831 853 3906 MCDII.
911 3831 1048 3903 Die
1118 3837 1186 3903 1.
1245 3828 1408 3901 Jan.
1462 3828 1899 3928 Regnorum
1953 3849 2381 3910 nostrorum

191 3940 402 4019 'anno
439 3936 782 4016 Boemiae
815 3935 1248 4013 XXXVIII.
1308 3937 1819 4011 Romanorum
1857 3938 2177 4012 XXVI.“

292 4067 390 4127 ιο.
423 4044 610 4126 eota.
643 4064 890 4123 coeam.
941 4062 1038 4122 ne
1073 4057 1468 4136 sigismundo
1502 4054 1575 4121 R.
1604 4058 1686 4122 n.
1726 4058 1911 4119 sm}
1955 4060 2028 4123 R.
2067 4062 2213 4137 Imp.
2255 4063 2422 4133 vs«,

398 4166 571 4245 cario
625 4168 920 4245 generati.
973 4192 1045 4209 ·-
1092 4161 1265 4237 Quod
1315 4166 1459 4223 mox
1503 4163 1892 4222 nihilominus
1942 4162 2385 4225 wenceslaum

400 4280 671 4357 quidem,
736 4290 810 4336 ac
861 4272 1227 4349 Procopium
1271 4270 1563 4332 Pati-uum
1610 4269 2125 4428 ἱππαρᾶέιὸηξτίι,
2192 4268 2383 4331 lodo·
