2875 4842
672 502 825 573 286

562 704 745 813 cipis
786 700 1087 786 Domini
1131 703 1502 784 Lodovici
1536 707 1927 809 praemissa
1980 705 2236 781 Gratia
2287 702 2509 808 Regis
2560 700 2710 778 dicti

561 817 807 919 Regni
848 816 1268 919 Hungariae
1321 831 1462 893 etc,
1517 812 1748 889 Patris
1788 830 1865 889 et
1912 810 2177 889 Soceri
2209 814 2462 888 Nostri
2496 808 2712 887 'Caris-

559 923 721 997 simi
767 921 1028 997 maiori
1073 916 1333 1024 sigillo
1390 944 1526 996 suo
1570 943 1769 995 novo
1813 922 2276 1023 consignatas
2323 944 2540 1018 super
2571 916 2708 1021 qui·

560 1026 875 1104 busdam
936 1024 1358 1104 libertatum
1415 1027 1940 1127 praerogativis
2003 1025 2181 1128 ipsis
2250 1022 2551 1101 Civibus
2597 1046 2709 1097 no-

556 1139 727 1211 stris
781 1131 1546 1237 Posoniensiburper
1593 1132 1862 1234 ipsum*
1901 1131 2280 1233 quondam
2347 1128 2709 1205 Dominum

560 1239 1030 1316 Lodovicum
1072 1240 1360 1343 Regem
1414 1238 1623 1314 factis
1674 1237 2050 1315 confectas
2096 1255 2172 1314 et
2214 1255 2573 1314 emanatas
2613 1253 2708 1311 te·

563 1350 765 1424 noris
841 1343 1409 1448 subsequentis3
1487 1332 2007 1447 supplicantes
2077 1345 2349 1421 exinde
2435 1339 2706 1417 Nostrae

565 1453 929 1530 Maiestati
972 1452 1349 1527 humiliter
1383 1469 1460 1527 et
1510 1447 1779 1526 devote
1821 1455 1968 1527 suis
2006 1467 2080 1525 et
2119 1449 2707 1548 nominibusiqui·

560 1562 697 1636 bus
752 1585 1023 1662 supra,
1077 1575 1161 1633 ut
1201 1556 1495 1633 easdem
1553 1575 1788 1648 ratas,
1842 1574 2082 1661 gratas
2124 1576 2199 1633 et
2254 1576 2575 1659 acceptas
2606 1553 2706 1630 ha-

563 1664 814 1744 bendo
863 1667 1300 1769 Nostrisque
1338 1666 1633 1741 Litteris
1684 1663 2258 1766 Privilegialibus
2300 1665 2707 1740 verbotenus

560 1772 787 1849 i'nseri
828 1767 1207 1863 faciendo,
1266 1797 1403 1875 pro
1444 1770 1654 1847 dictis
1691 1770 2008 1847 Civibus·
2033 1771 2585 1847 Posoniensibus
2617 1769 2705 1842 in·

561 1896 918 1956 novantes
959 1894 1320 1982 perpetue
1366 1876 1712 1953 valituras
1759 1874 2199 1952 confirmare
2256 1874 2703 1980 dignaremur.

566 1988 905 2075 Quarum
949 1985 1256 2087 quidem
1300 1984 1758 2060 Litterarum
1807 2001 2029 2061 tenor
2069 1985 2454 2086 sequitur,
2516 1999 2582 2056 et
2612 1995 2706 2056 est

536 2094 758 2168 talis:
818 2092 973 2187 Nos
1043 2088 1464 2169 Lodovicus
1530 2092 1673 2165 Dei
1743 2090 1999 2166 Gratia
2054 2093 2224 2166 Rex
2279 2086 2702 2193 Hungariae,

561 2199 957 2292 Poloniae,
1017 2196 1418 2273 Dalmatiae
1485 2213 1628 2274 etc.
1696 2195 1914 2295 (Vide
1974 2196 2330 2303 Diploma
2369 2200 2456 2275 A.
2512 2198 2701 2268 1382.

561 2306 702 2383 sub
744 2303 996 2381 titulo:
1057 2302 1565 2396 „Dehheratio
1616 2302 2090 2403 Baronum“).

756 2408 911 2489 Nos
947 2413 1171 2515 igitur
1223 2413 1541 2491 iustis.et
1574 2408 1915 2515 legitimis
1951 2413 2289 2512 ipsorum
2317 2406 2595 2486 Nicolai
2622 2400 2704 2478 di-

562 2519 664 2596 cti
708 2508 1223 2620 Ptykhethtel,
1266 2514 1526 2593 Jacobi
1569 2513 1833 2592 Gallici
1868 2514 2046 2592 dicti
2081 2514 2458 2611 Ventura,
2512 2513 2703 2590 et-Jo-

563 2622 821 2700 hannis
852 2624 947 2699 de
979 2621 1344 2725 Semberg
1385 2623 1756 2700 dictorum
1799 2623 2234 2703 Juratorum
2271 2626 2541 2701 Civium
2571 2644 2705 2721 sup·

562 2730 1087 2837 plicationibus
1146 2734 1295 2806 suis
1355 2750 1430 2807 et
1481 2730 1821 2806 Personis
1876 2728 2148 2830 quibus
2207 2752 2434 2836 supra
2471 2729 2702 2804 Nostro
2827 2724 2838 2741 “

430 2871 449 2890 =
565 2836 883 2913 Culmini
925 2863 1063 2941 per
1088 2835 1305 2940 'ipsos
1347 2862 1572 2940 prece
1614 2836 2019 2912 subiectiva
2059 2836 2326 2914 oblatis
2379 2830 2701 2915 favorabi-

564 2941 733 3017 liter
796 2943 1155 3017 exauditis
1207 2962 1282 3018 et
1360 2941 2231 3037 clementer-admissis,-
2287 2950 2700 3048 praetaxatas

564 3051 876 3125 Litteras
942 3067 1273 3154 patentes
1334 3050 1560 3157 ipsius
1621 3048 1940 3126 condam
2012 3051 2314 3127 Domini
2383 3036 2703 3129 [ιιιᾶοἳῖῦἷ

556 3156 786 3260 Regis
828 3160 1053 3232 Patris
1099 3175 1171 3231 et
1222 3154 1482 3231 Soceri
1534 3157 1781 3233 Nostri
1836 3159 2181 3232 carissimi
2243 3187 2395 3234 non
2452 3156 2701 3229 abrasas

562 3270 713 3338 non
776 3264 1253 3355 cancellataS,
1314 3290 1461 3337 non
1519 3266 1593 3338 in
1660 3263 1901 3366 aliqua
1957 3282 2165 3365 parte
2223 3268 2336 3340 sui
2400 3260 2697 3339 viciatus,

560 3373 685 3443 sed
753 3398 962 3445 mera
1018 3373 1343 3444 veritatis
1390 3388 1465 3444 et
1533 3369 2007 3467 plenitudinis
2060 3374 2474 3472 integritate
2524 3386 2698 3469 prae·

563 3476 921 3578 pollentes
970 3474 1480 3577 praesentibus
1519 3474 1610 3552 de
1661 3477 1891 3551 verbo
1947 3476 2038 3550 ad
2082 3479 2395 3553 verbum
2443 3476 2584 3551 sine
2617 3465 2700 3540 di·

559 3583 970 3657 minutione
1061 3603 1135 3659 et
1205 3600 1598 3686 augmento
1673 3582 1969 3683 aliquali
2045 3586 2398 3677 insertam,
2491 3564 2698 3680 quoad

560 3714 822 3763 omnes
864 3715 1026 3763 suas
1077 3690 1604 3784 continentias,
1663 3689 2058 3780 clausulas,
2116 3709 2191 3766 et
2232 3689 2565 3766 articulos
2603 3703 2697 3754 ac·

558 3812 975 3896 ceptamus‚
1032 3797 1573 3901 approbamus,
1628 3812 1706 3870 et
1781 3796 2263 3888 ratifi‘camuS,
2320 3819 2576 3895 easque
2625 3806 2698 3859 ex

561 3898 951 3978 Cbnsensu
978 3920 1051 3973 et
1086 3904 1540 4006 beneplacita
1581 3894 1953 3979 voluntate
1977 3900 2497 4001 Serenissimae
2521 3896 2695 3972 Prin-

559 4000 739 4111 cipis
807 4006 1165 4081 Dominae
1236 4010 1516 4086 Mariae
1575 4012 1968 4109 praemissa
2024 4012 2163 4085 Dei
2216 4013 2461 4087 Gratia
2507 3998 2695 4100 Regi-

452 4188 461 4193 ,
558 4142 697 4189 nae
759 4113 1182 4215 Hungariae
1246 4132 1384 4190 etc.
1471 4118 1848 4191 Consortis
1901 4115 2213 4203 Nostrae
2282 4114 2695 4193 carissimae,

523 4282 529 4289 .
562 4221 1215 4326 praelatorumque
1236 4240 1312 4298 et
1328 4221 1706 4299 Baronum
1736 4241 2162 4303 nostrorum
2193 4223 2491 4304 consilio
2519 4232 2693 4322 prsse‘
2837 4220 2838 4285 l
