2875 4842
635 464 789 579 ‚²²⁶

526 673 885 784 asportari
958 622 1033 752 et
1096 672 1365 750 abduci
1444 666 1733 751 fecisset
1801 674 1880 754 in
1950 670 2477 781 preiudicium.
2522 671 2702 749 dicti

524 782 850 890 magistri
890 780 1175 860 Nicolai
1224 779 1433 856 valde
1479 806 1820 884 magnum
1865 807 2094 886 super
2134 808 2288 886 quo
2317 781 2539 856 -dicta
2568 777 2697 855 do-

521 894 721 969 mina
762 906 1010 965 nostra
1056 886 1291 964 Maria
1337 892 1636 990 regina,
1693 886 2023 964 fidelitati
2071 889 2247 962 dicti
2288 904 2704 963 conventus
2737 936 2754 947 κ
2871 888 2875 901 “

519 996 994 1101 symigiensis
1040 993 1355 1070 firmiter
1398 994 1888 1099 precipiendo
1935 994 2383 1086 mandasset,
2440 1012 2698 1096 quate-

515 1124 654 1181 nus
692 1106 1018 1208 ipsorum
1071 1102 1453 1177 mitterent
1502 1100 1874 1177 bominem
1941 1127 2078 1202 pro
2116 1104 2539 1178 testimonio
2599 1098 2689 1173 fi-

513 1209 915 1310 dedignum
965 1232 1121 1311 quo
1173 1225 1513 1310 presente
1548 1207 1774 1285 homo
1831 1208 2168 1312 reginalis
2207 1208 2400 1283 iufra
2434 1208 2698 1285 decla-

512 1313 827 1409 raudus,
881 1314 977 1389 ab
1026 1312 1368 1389 omnibus
1411 1310 1678 1416 quibus
1715 1315 2053 1408 deceret,
2109 1332 2185 1391 et
2234 1314 2493 1392 liceret
2553 1342 2698 1417 pa-

509 1418 655 1500 lam
704 1440 780 1498 et
824 1419 1120 1499 occulte
1173 1417 1561 1522 diligenter
1610 1421 1710 1498 de
1767 1422 2136 1524 ‘premissis
2185 1420 2698 1527 investigando

330 1560 341 1579 ⁸
420 1580 425 1583 -
508 1531 731 1606 sciret
788 1544 865 1604 et
914 1527 1330 1639 inquireret
1386 1526 1886 1607 omnimodam
1946 1531 2377 1619 veritatem,
2461 1530 2687 1604 scita-

506 1663 657 1740 que
708 1636 1233 1739 premissorum
1284 1658 1487 1708 mera
1556 1635 1892 1712 veritate-
1920 1653 2267 1711 evocaret
2319 1636 2693 1739 prefatum

501 1742 896 1820 Nicolaum
943 1737 1298 1816 Berzethe
1348 1740 1629 1816 dictum
1675 1761 1934 1821 contra
1985 1759 2418 1817 annotatum
2458 1750 2689 1845 magi·

506 1850 739 1924 strum
798 1844 1189 1945 Nicolaum
1243 1846 1532 1923 Za'mbo
1581 1849 2123 1953 personaliter,
2191 1867 2270 1925 et
2329 1874 2483 1924 nou
2545 1875 2688 1954 per

504 1970 1075 2061 procuratorem
1115 1951 1211 2029 ad
1249 1954 1479 2030 dictas
1521 1954 1925 2058 quindenas
1959 1944 2686 2035 sine‘cmtinationa

505 2062 911 2167 reginalem
948 2063 1019 2135 in
1057 2062 1498 2166 presentiam
1542 2063 1910 2139 rationem
1955 2062 2481 2167 premissorum
2519 2061 2690 2139 red·¹

501 2165 822 2244 diturum
845 2174 877 2261 ,'
923 2183 997 2244 et
1056 2184 1224 2272 post
1274 2163 1411 2242 bec
1461 2169 1987 2270 premissorum
2036 2168 2307 2245 seriem
2350 2187 2436 2245 ut
2470 2169 2714 2246 lieret·

496 2274 901 2382 expediens
936 2271 1231 2349 domine
1291 2290 1554 2369 nostre,
1589 2276 1843 2378 regine
1882 2274 2200 2351 fideliter
2234 2277 2684 2353 rescriberet

500 2379 925 2458 Conventus
975 2380 1477 2485 supradictus,
1539 2383 1734 2460 unde
1786 2385 2009 2486 igitur
2065 2384 2226 2487 ipse
2268 2403 2682 2461 conventus

493 2490 850 2566 mandatis
911 2487 1396 2594 reginalibus‚
1468 2486 1546 2564 in
1600 2490 1945 2565 omnibus
2008 2488 2323 2566 obedire
2367 2494 2682 2592 cupiens

495 2613 578 2670 ut
619 2612 910 2670 tenetur
955 2623 1098 2691 una
1149 2618 1313 2671 cum
1365 2593 1703 2670 Johanne
1759 2597 1906 2669 lilio
1947 2594 2261 2671 Ladislai
2313 2597 2409 2671 de
2451 2599 2681 2674 Belek

493 2697 794 2775 homine
837 2700 1138 2802 reginali
1202 2702 1503 2775 fratrem
1550 2702 1898 2777 Mathiam
1952 2702 2411 2779 sacerdotem
2461 2708 2676 2809 ipso·

494 2830 662 2883 rum
703 2802 1048 2901 videlicet
1082 2820 1495 2903 conventus
1549 2807 1922 2885 hominem
1967 2807 2056 2883 ad
2100 2813 2454 2912 premissa
2492 2839 2680 2915 per-

491 2911 773 3017 agenda
818 2940 964 3021 pro
996 2915 1327 3014 ipsorum
1373 2914 1797 2992 testimonio
1850 2902 2369 2994 transmisisset
2401 2918 2678 2994 fidedi-

493 3044 721 3122 gnum
747 3071 772 3112 ‚
829 3020 959 3121 qui
999 3019 1300 3115 demum
1347 3019 1616 3097 exinde
1648 3022 1739 3096 ad
1780 3026 2021 3124 ipsum
2063 3038 2516 3102 conventum
2558 3051 2676 3101 re·

491 3128 727 3221 versi,
802 3125 1041 3203 eidem
1099 3125 1571 3203 concorditer
1616 3131 1987 3207 retulisset
2039 3130 2241 3233 quod
2299 3134 2441 3232 ipsi
2491 3131 2667 3209 seria

493 3236 751 3337 quinta
814 3235 1152 3342 proxima
1208 3252 1377 3308 ante
1439 3229 1708 3311 festum
1749 3233 2239 3312 -exaltationis
2287 3236 2373 3359 §-
2429 3242 2670 3315 crucis

497 3357 676 3417 tunc
728 3342 1073 3445 proxime
1126 3340 1608 3445 preteritum,
1685 3341 1780 3416 ab
1824 3344 2167 3417 omnibus
2221 3346 2490 3448 quibus
2547 3346 2673 3421 de·

486 3451 767 3522 'cuisset
802 3465 882 3525 et
927 3449 1240 3525 licuisset
1285 3445 1664 3521 nobilibus
1706 3445 2054 3525 videlicet
2103 3467 2186 3526 et
2215 3451 2669 3555 ignobilibus

495 3553 1243 3657 comprovincialibus
1266 3553 1697 3630 comitatum
1727 3553 2246 3656 Symighiensis
2261 3577 2337 3634 et
2357 3561 2673 3635 Tolnen·

495 3659 593 3733 sis
636 3658 1057 3735 hominibus
1093 3660 1331 3766 palam
1375 3678 1453 3735 et
1485 3662 1775 3737 occulte
1810 3660 2200 3765 diligenter
2236 3665 2330 3741 de
2359 3668 2670 3770 premis-

494 3762 602 3842 sis'
621 3765 1123 3869 investigando
1164 3770 1517 3872 premissa
1555 3767 1663 3843 sic
1698 3765 1920 3843 fuisse
1958 3787 2035 3845 et
2062 3772 2393 3864 scivisse,
2448 3791 2671 3876 prout

498 3871 775 3948 dictum
829 3872 1219 3950 exstitisset
1279 3875 1586 3978 reginali
1650 3876 2001 3950 maiestati
2061 3894 2373 3983 excepta
2428 3897 2688 3955 tamen‘

495 3994 742 4056 morte
776 3978 1105 4055 duorum
1139 3981 1517 4056 dictorum
1554 3981 1995 4059 famulorum
2021 3983 2332 4086 predicti
2358 3985 2673 4061 Michae-

496 4085 583 4165 lis
617 4087 713 4163 de
749 4112 1087 4191 quorum*
1114 4090 1259 4162 vita
1306 4087 1546 4164 adhuc
1589 4104 1765 4164 tunc
1799 4087 2106 4165 dubium
2143 4090 2568 4168 habuissent
2597 4109 2672 4168 et.

494 4192 590 4272 de
638 4220 951 4274 numero
968 4194 1507 4305 'pecuniarum3
1540 4198 1870 4298 scitaque
1901 4198 2436 4303 premissorum
2467 4226 2670 4277 mera
