2875 4842
1965 425 1970 428 ’
2062 424 2227 502 ,585

136 629 272 731 gni
314 626 545 705 nostri
596 624 965 732 Hungarie
1005 650 1289 709 corone
1320 655 1400 721 se
1437 626 1835 714 admodum
1882 639 2127 736 gratos
2159 630 2327 710 red

141 733 542 823 diderunt,
596 752 670 807 et
696 753 1079 839 acceptos,
1135 756 1211 813 et
1243 739 1319 813 in
1358 739 1572 813 antea
1609 734 1758 834 ‚hoo
1794 739 1992 816 idem
2046 764 2137 816 eo
2179 758 2327 817 stu·

135 839 427 917 diosius
480 843 685 941 ipsos
738 870 888 921 non
943 840 1337 919 hesitamus
1395 844 1612 922 nobis
1681 845 1868 940 velle
1913 843 2327 942 exhibere,

141 966 437 1051 quanto
477 950 651 1052 ipsis
687 977 820 1025 nos
855 945 1389 1026 reddiderimus
1426 939 1503 1025 in
1545 950 2027 1028 retribuendo
2085 980 2331 1056 prom·

140 1058 452 1163 ptiores.
512 1056 908 1161 Cupientes
940 1059 1185 1159 itaque
1230 1060 1769 1162 promissorum
1819 1059 2087 1140 intuitu
2131 1062 2343 1163 ipsos-

137 1162 411 1266 regalis
445 1163 980 1265 magnificentie
1020 1163 1464 1266 gratitudine
1503 1163 1592 1238 ad
1621 1191 1922 1268 presens
1943 1165 2046 1260 uti
2084 1166 2158 1241 in
2196 1191 2328 1270 po·

136 1288 423 1347 storum
462 1272 821 1374 promptis
852 1269 1228 1346 affectibus
1264 1270 1531 1374 largius
1562 1270 2008 1364 intendimus
2035 1270 2327 1349 fauora-

136 1375 395 1453 biliter
433 1377 803 1479 amplecti.
860 1377 1069 1451 Licet
1108 1375 1337 1453 multo
1384 1379 1666 1464 maiora
1717 1405 1762 1451 a
1807 1395 2058 1458 nostra
2102 1378 2324 1456 celsis

140 1484 400 1561 tudine
442 1500 903 1559 mererentur
940 1483 1344 1576 connasci,
1401 1502 1486 1560 ut
1530 1483 1639 1560 his
1678 1484 1850 1561 visis
1895 1512 2158 1561 eorum
2197 1514 2324 1590 po·

135 1593 321 1667 steri
358 1589 618 1663 similia
655 1589 1024 1667 fidelitatis
1062 1592 1534 1693 operaregie
1570 1591 1996 1690 sublimitati
2025 1591 2322 1688 ferveo-'-

136 1698 290 1774 tius
360 1693 705 1771 studeant
755 1689 1125 1772 exhibere.
1220 1697 1630 1797 Quamdam
1706 1702 2272 1803 posssessionem
2298 1751 2321 1796 ,

134 1799 273 1879 seu
331 1821 599 1880 terram
654 1804 875 1879 Halaz
933 1802 1231 1896 aliunde,
1297 1804 1757 1896 Halazteleke
1821 1824 2319 1908 nuncupatam

133 1907 687 1985 habitatoribus
726 1909 1139 1989 destitutam
1209 1913 1282 1988 iu
1337 1910 1707 1991 Comitatu
1759 1908 1852 1985 de
1903 1911 2319 2007 Zaboweh‚

137 2016 346 2093 inter
399 2018 893 2119 possessiones
934 2045 1199 2095 eorum
1250 2016 1579 2094 Zaboleh
1636 2031 1711 2094 et
1770 2018 1978 2097 Balsa
2031 2038 2323 2094 vocatas

136 2125 605 2214 existentem.v
679 2126 769 2201 In
821 2127 1032 2202 cuius
1078 2125 1407 2201 dominio
1458 2131 1967 2230 progenitores
2014 2151 2317 2204 eorum.

135 2249 224 2309 et.
260 2229 569 2307 fratrum
619 2231 949 2331 ipsorum
991 2227 1629 2331 infrascriptorum
1671 2233 1768 2308 ab
1805 2233 1982 2307 olim
2019 2231 2320 2335 pacifice

138 2340 375 2444 persti
407 2338 669 2426 issent,
726 2334 978 2413 forent
1013 2361 1321 2440 quoque
1366 2355 1444 2411 et
1481 2338 1624 2441 ipsi
1660 2339 1752 2414 de
1802 2342 2145 2443 presenti.
2200 2338 2318 2416 Si-

138 2440 299 2523 mul
337 2472 506 2520 cum
548 2445 910 2520 vniuersis
939 2451 1087 2523 suis
1132 2443 1601 2537 utilitatibus,
1679 2464 1752 2523 et
1809 2445 2318 2549 pertinentiis,

138 2553 371 2636 terris,
393 2569 650 2655 utputa
696 2543 1096 2629 arabilibus
1133 2550 1389 2643 cultis»,
1447 2567 1521 2626 et
1554 2552 1847 2627 incultis
1875 2605 1898 2643 ,
1943 2551 2149 2650 ,silvis
2193 2577 2318 2628 ne·
2395 2553 2403 2561 ⁶

136 2659 517 2749 moribus,
598 2660 853 2761 pratis,
924 2659 1216 2749 ferietis,
1273 2658 1525 2759 aquis,
1585 2657 2024 2764 paludibus,
2077 2685 2320 2760 aqua·-

139 2793 461 2867 rumque
499 2763 959 2842 decursibus.
1009 2767 1095 2842 Et
1134 2765 1571 2869 generaliter
1607 2768 1888 2860 eunctis
1927 2763 2320 2842 utilitatum
2388 2789 2394 2797 ·

135 2871 734 2977 integritatibus,
816 2873 1082 2977 quouis
1142 2871 1460 2948 nominis
1523 2870 1893 2950 vocabulo
1942 2863 2317 2967 vocitatis,

138 2978 283 3057 sub
340 2982 487 3054 suis
539 2980 729 3054 veris
784 2983 1033 3071 metis,
1107 2997 1184 3055 et
1240 2980 1557 3084 antiquis
1609 2978 1991 3066 limitibus,
2049 2976 2319 3082 quibus
2404 2995 2408 3000 '

135 3107 440 3163 actenus
477 3086 618 3162 rite
653 3104 847 3163 tenta
886 3086 1060 3178 fuit,
1115 3104 1190 3161 et
1246 3111 1614 3188 possessa,
1673 3084 2014 3189 praefatis
2068 3085 2319 3160 Domi-

139 3222 242 3272 no
284 3188 669 3294 Stephano
708 3192 1072 3298 Episcopo
1107 3211 1181 3266 et
1211 3188 1551 3268 Ladislao
1591 3191 1795 3267 fratri
1833 3189 2209 3283 eiusdem,
2245 3208 2321 3266 et

135 3329 280 3405 per
322 3325 451 3374 eos
482 3296 859 3401 Stephano
903 3298 1056 3375 filio
1096 3296 1448 3374 Johannis
1489 3296 1619 3374 filii
1677 3297 1940 3403 prefati
1996 3298 2334 3390 Emericik

135 3404 237 3483 de
294 3403 621 3512 predicta
680 3407 935 3509 Upor,
1008 3432 1147 3482 nec
1184 3432 1336 3482 non
1371 3404 1578 3481 alteri
1620 3403 2049 3509 Stephano,
2103 3400 2319 3480 Ladi-

133 3515 291 3590 slao
321 3570 343 3607 ,
412 3529 490 3588 et
543 3512 760 3588 Petro
827 3511 985 3590 filiis
1017 3513 1277 3587 Jacobi
1323 3510 1497 3588 dicti
1538 3511 1594 3589 F
1597 3511 1816 3592 wlow
1854 3509 1951 3584 de
1991 3505 2328 3615 predicta

140 3614 446 3696 Zaboch
484 3636 559 3694 et
599 3616 951 3697 fratribus
990 3644 1250 3700 eorum
1297 3617 1752 3721 patruelibus
1776 3673 1796 3708 ,
1868 3634 1944 3692 et
1985 3614 2320 3693 condini-

140 3724 559 3805 sionalibus.
613 3728 954 3829 Ipsorum
989 3725 1324 3819 Ladislai,
1361 3743 1432 3805 et
1456 3722 1840 3829 Stephani,
1878 3747 1967 3801 ac
2002 3721 2321 3801 filiorum
2442 3718 2452 3730 ’

140 3833 327 3909 dicti
357 3832 623 3908 Jacobi
665 3831 1058 3928 heredibus
1088 3848 1162 3906 et
1202 3829 1758 3936 posteritatibus
1788 3830 2149 3908 universis
2194 3830 2320 3905 de-

142 3967 295 4015 nuo
333 3956 406 4015 et
439 3966 531 4013 ex
577 3963 768 4014 nove
808 3955 1055 4013 nostre
1096 3935 1511 4013 donationis
1550 3935 1765 4015 titulo
1803 3935 2159 4020 dedimus.
2193 3936 2322 4008 do-

144 4045 519 4137 novimus,
576 4064 650 4123 et
689 4043 1175 4139 contulimus,
1227 4044 1380 4119 imo
1428 4070 1523 4120 ex
1558 4062 1764 4136 certa
1804 4060 2050 4126 nostra
2085 4044 2321 4116 seien-

143 4153 243 4232 tia
266 4178 351 4232 ac
368 4153 868 4232 Praelatorum
892 4150 1350 4231 &Beronum
1372 4166 1798 4233 nostrorum
1818 4149 2204 4229 nobiscum
2223 4143 2317 4232 ad
