2875 4842
637 475 795 555 244

533 684 910 761 Vniuersis
949 696 1027 758 et
1062 680 1365 781 singulis
1411 678 1888 784 Principibus
1924 677 2441 758 Enete-inticis
2495 697 2588 758 et
2619 706 2744 756 se·

498 790 945 891 ocularibus,
1005 787 2008 890 Vasalhs‚-Homagialibu8,
2063 785 2512 869 Comitibus.
2580 788 2745 863 No·

532 896 839 991 bilibus,
891 896 1346 987 Beronibus,
1392 895 1844 986 Clientibus,
1876 894 2313 988 Judicibus,
2351 894 2746 997 Magistris
2833 917 2840 925 ·

535 1005 875 1093 Cinium,
932 999 1416 1093 Consulibus,
1472 1004 1782 1094 Juratis,
1823 1003 2182 1096 RusticiS,
2242 1001 2549 1093 villanis,
2612 1003 2742 1075 ln·

530 1110 711 1189 colis
762 1112 1180 1199 ciuitatum,
1237 1109 1726 1212 oppidorum,
1783 1107 2167 1199 vinearum,
2225 1136 2310 1184 sc
2369 1107 2739 1183 locorum

528 1240 1195 1323 quorumcunque,
1252 1240 1390 1289 nec
1449 1234 1597 1290 non
1647 1214 1992 1291 omnibus
2036 1233 2111 1291 et
2145 1214 2444 1317 singulis
2479 1213 2742 1289 fideli-

531 1327 667 1400 bus
703 1324 918 1425 regni
971 1320 1401 1404 Bohemiae,
1461 1324 1964 1421 cuiuscunque
2006 1338 2273 1410 status,
2330 1320 2739 1397 conditio·-

527 1435 637 1506 nis
689 1431 809 1504 vel
869 1424 1493 1533 praeeminentiae
1562 1428 1876 1517 fuerint,
1949 1447 2074 1502 aut
2146 1428 2736 1532 quibuscunque

521 1536 960 1642 specialibus
1001 1528 1387 1610 vocabulis
1445 1550 2013 1638 nuncupentur,
2072 1533 2598 1636 praesentibus
2657 1552 2738 1610 et

525 1647 820 1728 futuris,
879 1640 1096 1716 nobis
1136 1645 1420 1715 sincere
1475 1638 1793 1730 dilectis,
1850 1641 2155 1716 sal-utem
2205 1661 2279 1716 et
2314 1666 2538 1718 omne
2583 1641 2732 1718 bo·-

528 1777 729 1825 num.
830 1750 1022 1842 Quia
1070 1746 1372 1847 quidem
1414 1745 1922 1822 Serenissimo¹
1957 1748 2325 1852 principi,
2383 1749 2733 1823 Domino

531 1855 1007 1948 Wenceslao,
1040 1856 1551 1957 Romanorum
1588 1857 1747 1955 regi
1786 1880 2082 1958 semper
2106 1857 2466 1959 Auguste,
2501 1854 2736 1930 Boe-

525 1963 716 2037 miae
770 1964 933 2063 regi
978 1959 1279 2053 illustri,
1336 1961 1550 2036 fratri-
1601 1980 1857 2038 nostro
1923 1963 2338 2056 rarissimo,
2393 1960 2601 2037 bona
2647 1977 2733 2039 et

523 2068 907 2147 sufficienti
946 2067 1479 2143 deliberatione
1534 2066 2006 2168 praehabita,
2061 2070 2477 2171 specialiter
2519 2096 2732 2171 pro-

529 2194 700 2281 pter
736 2176 1118 2278 singulm-is
1147 2176 1416 2249 amoris
1447 2175 1787 2250 affectum
1815 2232 1835 2269 ‚
1892 2201 2119 2276 quem
2159 2175 2255 2250 ad
2289 2174 2732 2251 Illustrissi-

525 2310 733 2360 mum
780 2282 1201 2385 Principem
1257 2283 1665 2356 Dominum
1704 2280 2110 2375 Jonnnem,
2168 2283 2458 2358 Ducem
2515 2284 2729 2360 Gor-

535 2392 881 2467 licensem
909 2446 928 2482 ,
968 2394 1044 2465 e't
1064 2387 1571 2463 Marchionem
1604 2388 1937 2462 Lusatiae
1961 2444 1981 2480 ,
2035 2389 2340 2489 fratrem
2375 2405 2726 2465 nostrum

527 2496 1068 2589 charissimum,
1125 2513 1428 2572 naturae
1467 2494 1784 2596 quadam
1825 2495 2307 2591 inclinati-one
2344 2515 2726 2588 tenemus,

529 2601 624 2678 ad
676 2605 832 2678 eius
877 2605 1093 2678 etism
1154 2602 1476 2677 honores
1525 2620 1597 2674 ct
1646 2600 2066 2706 praefectus
2127 2601 2540 2704 augendos,
2625 2630 2728 2679 ex

531 2709 838 2787 vinculo
895 2711 1259 2811 sanguinis
1324 2707 1783 2810 obligamur,
1865 2710 2178 2785 scientes
2233 2708 2722 2805 indulsimuS,

531 2816 968 2908 annuimus,
1024 2817 1569 2907 consensimus,
1627 2833 1699 2888 et
1733 2814 2029 2917 plenam
2072 2832 2148 2893 et
2203 2815 2726 2892 omnimodam

533 2921 956 2996 facultatem
983 2977 1002 3015 ‚
1060 2940 1492 3027 potestatem
1520 2930 1550 3012 ,‘
1599 2939 1674 2996 et
1715 2922 2122 2998 libertatem
2163 2925 2719 3019 concessimus„

536 3047 623 3103 et
653 3029 1087 3102 donauimus
1121 3088 1138 3115 ‚
1196 3047 1272 3103 vt
1315 3031 1472 3132 ipso
1521 3028 1801 3131 insigne
1841 3030 2180 3130 Regnum
2217 3027 2614 3105 Bohemiae
2641 3049 2722 3108 et

534 3133 858 3211 eiusdem
900 3137 1107 3239 regni
1151 3162 1537 3225 coronam,
1598 3138 1670 3208 in
1707 3162 1861 3238 quo
1905 3137 2143 3212 Nobis
2176 3134 2268 3211 eit
2308 3137 2720 3214 donatione

533 3261 837 3347 paterna
881 3268 965 3317 ac
1003 3245 1475 3317 successionis
1513 3242 1804 3335 ordine,
1842 3261 2181 3347 tanquam
2224 3263 2391 3347 post
2427 3243 2716 3321 dictum

539 3351 944 3426 Dominum
983 3350 1506 3425 VVenceslaum
1533 3403 1552 3439 ,
1610 3348 1914 3424 fratrem
1952 3369 2322 3440 nostrum,
2383 3352 2716 3444 seniori,
2767 3363 2771 3366 ⁴

542 3457 712 3531 Diui
770 3457 1284 3560 ImperatoriS,
1344 3458 1574 3528 nostri
1631 3457 1858 3530 Patris
1912 3453 2103 3552 filio,
2159 3460 2230 3531 in
2281 3484 2497 3545 casu,
2555 3486 2718 3561 quo

543 3564 820 3662 ipsum,
882 3562 1079 3665 quod
1121 3564 1341 3651 absit,
1398 3560 1740 3663 legitimis
1783 3560 2182 3640 heredibus
2215 3556 2366 3638 non
2406 3567 2711 3658 relictiS,

544 3673 916 3770 praemori
955 3675 1449 3770 contingeret,
1510 3671 1806 3770 plenum
1844 3672 1954 3742 ius
1987 3675 2385 3773 competit,
2443 3698 2717 3748 succe-

544 3772 811 3863 dendi,
870 3778 990 3847 vni
1031 3794 1412 3867 nostrum,
1471 3776 1809 3850 videlicet
1861 3779 2053 3851 inter
2102 3778 2260 3851 Nos
2305 3795 2378 3851 et
2435 3780 2718 3881 praefa-

548 3900 696 3955 tum
748 3884 1141 3955 Dominum
1200 3886 1479 3957 Ducem
1523 3885 1919 3965 Joannem,
1978 3887 2105 3985 qui
2158 3886 2298 3960 sibi
2352 3912 2444 3959 ex
2494 3885 2712 3963 nobis

545 3988 772 4090 magis
819 3989 1215 4089 placuerit,
1274 4007 1345 4062 et
1397 3988 1486 4062 ad
1531 4016 1754 4088 quem
1799 3994 2093 4092 propria
2154 4012 2224 4065 et
2268 3995 2565 4094 speciali
2619 4020 2706 4068 ac

543 4093 775 4170 libera
820 4093 1195 4169 voluntate
1250 4093 1711 4188 traheretur,
1744 4099 1924 4171 'sine
1990 4100 2288 4174 alterius
2340 4126 2432 4175 ex
2489 4101 2707 4176 nobis

538 4217 616 4276 et
656 4205 1032 4306 signanter
1085 4203 1337 4304 Nostri
1377 4203 1898 4278 reclamatione
1953 4223 2027 4280 et:
2079 4207 2508 4302 renitentia,
2565 4209 2704 4282 ali-
