2875 4842
702 508 857 579 404

598 713 1139 797 comendamus.
1228 709 1454 800 Quod
1488 707 1755 785 nobilis
1801 710 2114 784 Domina
2163 709 2419 785 relicta
2458 708 2787 783 condam

597 825 923 927 magistri
957 817 1309 897 Johannis
1347 815 1479 918 fily
1511 816 1641 893 Osl
1684 816 1777 891 de
1822 812 2264 895 Azzonfalva
2303 815 2392 892 ad
2448 834 2785 893 nostram

599 928 1030 1009 accedendo
1083 927 1565 1031 presentiam,
1622 921 1959 999 exhibuit
1999 921 2217 997 nobis
2256 925 2612 1026 quasdam
2648 924 2788 1000 lit-

604 1057 794 1116 teras
851 1052 1137 1111 nostras
1190 1049 1522 1137 patentes
1556 1067 1657 1087 ·--
1704 1070 1808 1085 —-
1865 1070 1960 1086 -—
2005 1031 2081 1103 in
2136 1031 2332 1106 nulla
2387 1035 2505 1109 sui
2570 1048 2785 1135 parte

600 1147 899 1223 viciatus
935 1158 1193 1247 petens
1243 1164 1379 1212 nos
1433 1156 1516 1213 ut
1559 1135 1848 1213 easdem
1894 1133 1987 1211 de
2044 1137 2280 1213 verbo
2335 1137 2423 1213 ad
2462 1139 2785 1214 verbum

601 1249 912 1330 rescribi
968 1265 1044 1324 et
1087 1243 1565 1350 'presentibus
1620 1243 1881 1320 litteris
1947 1246 2212 1318 nostris
2267 1247 2492 1320 inseri
2542 1244 2785 1346 sigillo

599 1382 905 1460 quoque
965 1340 1679 1451 nostro'consignari
1736 1349 1981 1425 facere
2044 1347 2525 1454 dignaremur
2575 1351 2787 1453 cujus

602 1485 823 1544 tenor
861 1456 1028 1539 talis
1067 1477 1198 1534 est.
1270 1458 1430 1533 Nos
1471 1455 1893 1561 Capitulum
1933 1454 2261 1532 Ecclesie
2316 1457 2784 1545 Castriferrei

599 1570 960 1651 memorie
1009 1558 1557 1642 comendamus.
1649 1562 1872 1653 Quod
1939 1561 2314 1640 Ladislaus
2356 1565 2554 1641 filius
2613 1563 2782 1639 Ste-

599 1678 821 1785 phani
865 1672 958 1749 de
997 1672 1236 1773 Syuw
1281 1697 1422 1775 pro
1452 1669 1690 1753 nobili
1736 1670 2053 1744 Domina
2085 1667 2316 1748 Lucia
2355 1691 2622 1748 vocata
2644 1669 2782 1746 So-

599 1810 769 1862 rore
823 1818 926 1835 --
969 1804 1094 1855 sua
1157 1778 1447 1851 uterina
1497 1777 1788 1880 pridem
1851 1775 2371 1881 jam-conjuge
2428 1778 2785 1854 Johannis

601 1888 783 1966 dicti
844 1887 1097 1961 Zence
1155 1881 1250 1959 de
1300 1884 1652 1987 Agyagus
1707 1908 1875 1957 cum
1933 1885 2456 1961 sufficientibus
2526 1886 2783 1961 litteris

599 1994 866 2073 nostris
922 1990 1455 2098 procuratoriis
1510 2014 1764 2065 coram
1808 1986 2024 2064 nobis
2078 1993 2569 2093 personaliter
2604 2015 2783 2067 con-

603 2104 898 2180 stitutus
927 2097 1229 2174 oraculo
1272 2096 1445 2171 viue
1474 2095 1683 2170 vocis
1718 2097 2095 2174 confessus
2138 2099 2378 2191 extitit
2408 2096 2739 2176 eomodo
2759 2152 2780 2188 ,

598 2227 681 2286 ut
737 2208 895 2311 ipsa
947 2222 1176 2281 totam
1232 2203 1655 2308 portionem
1717 2203 2383 2304 possessionariam·
2426 2203 2782 2306 Anthony

599 2315 730 2418 fily
789 2314 981 2387 Petri
1045 2310 1224 2385 dicti
1280 2309 1527 2384 Zenre
1560 2350 1669 2365 —
1702 2307 1807 2387 de,
1846 2311 2043 2385 dicta
2080 2314 2430 2415 Agyagus
2476 2316 2561 2389 In
2606 2337 2782 2414 pos·

599 2421 927 2499 sessione
976 2414 1318 2493 Goruold
1350 2415 1544 2518 apud
1588 2441 1845 2492 manus
1881 2444 2046 2493 suas
2092 2447 2230 2521 pro
2268 2420 2566 2520 triginta
2608 2417 2780 2492 dua·

601 2531 745 2607 bus
797 2526 1060 2600 marcis
1117 2522 1591 2599 denariorum
1647 2525 2286 2627 gravisponderis
2319 2568 2425 2585 -
2462 2524 2781 2601 habitam

602 2635 742 2714 sub
788 2628 1346 2709 conditionibus
1398 2647 1475 2705 et
1509 2628 2079 2730 obligaminibus
2124 2635 2198 2707 in
2237 2633 2613 2733 premissis
2660 2632 2781 2705 lit·

608 2736 785 2818 teris
837 2734 1470 2837 obligatorialibus
1519 2740 1875 2840 expressis
1927 2740 2273 2839 magistro
2330 2738 2648 2816 Johanni
2694 2737 2782 2813 fi-

611 2848 714 2922 lio
755 2842 1016 2917 Osl-de
1064 2841 1505 2917 Azzonfalva
1547 2869 1686 2945 pro
1739 2847 2107 2941 premissis
2153 2848 2446 2949 triginta
2502 2845 2783 2921 duabus

615 2954 877 3028 marcis
923 2946 1398 3023 denariorum
1442 2950 1976 3053 inpignorasset
2015 2966 2191 3054 ym'o
2231 2971 2618 3030 annotatus
2662 2954 2787 3026 La·

618 3059 885 3135 dislaus
919 3097 1006 3112 --
1030 3058 1470 3130 auctoritate
1512 3061 2019 3159 procuratoria
2059 3064 2403 3163 premissa
2437 3062 2789 3161 impigno-

621 3166 810 3242 ravit
851 3186 1103 3238 coram
1167 3159 1379 3236 nobis
1422 3162 1845 3240 testimonio
1892 3169 2341 3268 presentium
2396 3166 2784 3241 mediante.

628 3275 895 3348 Datum
930 3267 1111 3344 feria
1145 3266 1464 3342 secunda
1500 3270 1835 3371 proxima
1867 3289 2034 3346 ante
2062 3274 2322 3351 festum
2360 3274 2573 3350 beate
2600 3271 2786 3346 Mar·

503 3410 517 3424 ’
628 3390 873 3484 garete
915 3372 1215 3478 virginis
1262 3390 1338 3447 et
1373 3376 1724 3467 martiris,
1779 3376 2006 3451 Anno
2055 3382 2357 3455 Domini
2404 3377 2786 3457 millesimo

497 3568 508 3577 ,
627 3481 1144 3560 trecentesimo
1178 3482 1678 3583 octuagesimo
1731 3483 1995 3588 quinto
2046 3513 2180 3559 nos
2229 3488 2447 3562 etiam
2492 3488 2781 3587 petitio·

628 3616 799 3665 nem
854 3587 1183 3692 ejusdem
1223 3586 1389 3663 fore
1447 3589 1708 3664 iustam
1751 3608 2225 3694 agnoscentes
2276 3614 2351 3671 et
2393 3617 2786 3693 congruam

630 3696 1010 3802 premissas
1061 3694 1333 3770 litteras
1382 3691 1476 3768 de
1529 3695 1769 3773 verbo
1814 3697 1900 3770 ad
1948 3699 2261 3774 verbum
2313 3701 2665 3795 rescribi,
2719 3713 2788 3773 et

627 3799 1090 3907 presentibus
1138 3801 1391 3877 litteris
1427 3801 1697 3896 inseri,
1751 3803 2137 3908 sigilloque
2188 3827 2446 3885 nostro
2493 3806 2789 3883 fecimus

633 3905 1075 4007 consignari.
1169 3910 1438 3984 Datum
1500 3927 1761 4012 quarta
1817 3908 1934 3986 die
1978 3910 2140 3986 sesti
2193 3913 2388 3990 beati
2423 3913 2788 3989 Michaelis

633 4009 1116 4113 Archangeli,
1189 4012 1413 4091 Anno
1469 4017 1774 4093 Domini
1825 4016 2204 4094 millesimo
2274 4026 2786 4100 tercentesimo

630 4120 1106 4223 nonagesimo
1143 4122 1432 4222 quinto.

715 4245 1034 4322 originale
1070 4244 1587 4327 membranaceum
1635 4262 1772 4305 eum
1807 4246 2013 4323 sigillo
2043 4254 2136 4311 est
2166 4250 2228 4310 in
2266 4252 2625 4312 collectione
2661 4251 2782 4310 Au-

815 4348 1246 4424 tograpltormn
1280 4342 1522 4405 Nicolai
1562 4349 1916 4427 Jankovich.
2278 4352 2283 4359 '
