2875 4842
2073 461 2167 560 ³73

119 701 241 806 ipsi
279 708 669 776 nostrates:
730 695 862 797 qui
902 697 1331 800 praeprimis
1365 694 1708 789 aduenas,
1743 698 2076 776 moribus
2115 696 2274 776 fors

25 886 27 899 ⁴
123 833 199 882 ac
245 806 539 881 scientia
581 829 762 905 prae
816 807 1086 904 patriae
1152 803 1317 877 filiis
1380 804 1758 892 excultoe,
1834 806 2076 882 studio
2139 807 2273 879 im-

26 960 29 967 «
123 911 401 991 modico
433 911 788 988 fouerant
818 909 1170 985 inuidiam
1200 934 1474 1009 voque:
1530 908 1848 987 habebat
1891 938 2158 1013 nempe
2189 910 2271 986 id

26 1094 29 1097 ,
124 1020 243 1097 sibi
290 1045 473 1123 gens,
512 1020 861 1117 Hungara
916 1020 1343 1122 proprium,
1412 1033 1508 1092 'vt
1550 1044 1720 1092 cum
1779 1017 1937 1121 ipsa
1991 1017 2142 1093 fide
2201 1022 2276 1093 et

26 1170 27 1177 κ
126 1152 347 1201 amore
404 1128 481 1197 in
534 1123 909 1228 principes
961 1150 1131 1198 suos
1174 1115 1532 1198 concedat
1582 1126 1895 1241 nemini,
1951 1122 2275 1199 vicissim

124 1231 203 1307 ab
244 1231 500 1307 iisdem
548 1231 750 1332 diligi
808 1230 1323 1330 aestimarique
1386 1228 1805 1314 ambiuerit,
1864 1259 1949 1306 ac
2003 1229 2276 1332 negligi

126 1339 350 1415 tulerit
400 1340 842 1441 aegerrime:
901 1334 1106 1439 quod
1165 1338 1608 1439 Proto-regi
1659 1336 2085 1441 Stephano,
2137 1336 2277 1411 Pe·
2377 1336 2384 1345 ’

124 1460 276 1537 tro,
332 1443 742 1534 Salamoni,
799 1441 1142 1519 Andreae
1193 1448 1284 1520 II.
1349 1442 1819 1546 Sigismundo
1845 1501 1866 1540 ,
1922 1469 2008 1547 ac
2057 1439 2277 1519 Latii-'-

26 1558 29 1569 '
133 1546 277 1626 alao
296 1551 678 1625 Posthumo
701 1566 840 1624 etc.
874 1577 1025 1625 non
1052 1552 1254 1626 leues
1280 1553 1613 1626 conciuit
1629 1549 1900 1627 turbas.
1928 1554 2277 1655 Regnum

129 1658 302 1733 inter
328 1648 869 1760 regeS,fratres‚
905 1655 1249 1756 filiosque
1286 1676 1456 1732 'suos
1494 1662 1842 1761 partitum
1885 1684 2036 1732 non
2066 1655 2280 1732 absi-

26 1806 27 1811 =
131 1765 377 1840 militer
430 1791 821 1868 perperam
858 1764 1139 1857 cessit:
1192 1762 1543 1838 Andreae
1594 1767 1648 1839 I.
1696 1763 2079 1857 Emerico,
2134 1763 2282 1836 An·

134 1869 331 1947 dreae
386 1871 508 1974 112,
538 1872 751 1946 Belae
803 1870 932 1945 IV.
1003 1870 1387 1946 Interdum
1433 1868 1606 1946 odia
1658 1886 1963 1948 suorum
2000 1893 2280 1974 prouo-

133 1996 371 2053 carunt
387 1981 647 2054 aerarii
674 1995 1069 2079 egestatem
1103 1975 1512 2084 illegalibus
1555 1978 1810 2053 mediis
1847 1978 2122 2055 sarcire
2145 1984 2282 2050 ‘co-

136 2086 302 2159 nati:
364 2084 696 2160 Andreas
748 2086 841 2158 11.
884 2082 1061 2158 Bela
1110 2085 1215 2161 IV
1218 2144 1235 2160 .
1284 2084 1593 2162 Carolus
1647 2084 2025 2161 Robertus
2049 2141 2071 2178 ,
2123 2080 2283 2157 Ma·-

26 2284 33 2299 .
136 2188 301 2266 thias
354 2191 743 2267 Coruinus.
838 2190 1214 2297 Principes
1263 2195 1494 2267 nostri
1538 2192 1824 2268 animos
1862 2185 2284 2268 inconsulta

26 2336 27 2367 ;
136 2321 327 2403 saepe
366 2301 757 2374 seueritate
777 2352 796 2390 ,
852 2297 1034 2372 citra
1081 2298 1419 2375 ordinem
1453 2300 1763 2375 iustitiae
1783 2328 1825 2391 ,π
1857 2314 1982 2374 aut
2041 2295 2280 2371 alieno

138 2405 327 2507 plane
368 2423 714 2508 tempore
749 2400 1088 2496 adhibita,
1128 2433 1279 2481 non
1314 2410 1470 2481 sine
1513 2405 1965 2508 reipublicae
2012 2401 2286 2476 damno'

140 2528 683 2615 exasperarunt:
741 2510 946 2614 quod
996 2514 1073 2586 in
1126 2513 1350 2604 Petro
1373 2568 1395 2606 ,
1452 2504 1798 2585 Samuele
1851 2508 2054 2605 Aba,
2108 2505 2288 2582 Boia

140 2641 389 2707 coeco,
442 2617 961 2719 sigismundo,
999 2616 1386 2721 Leopoldo
1420 2620 1478 2693 1.
1521 2610 2284 2719 animaduertendum„

141 2721 333 2800 Viam
351 2722 731 2801 discordiis
754 2749 838 2798 ac
854 2722 1333 2803 seditionibus
1356 2746 1508 2801 non
1529 2725 1769 2798 minus
1793 2722 2085 2826 aperuit
2103 2743 2291 2795 non·

142 2828 491 2907 nullorum
523 2855 787 2934 regum
823 2833 897 2902 in
925 2830 1218 2906 tuendis
1242 2831 1528 2932 legibus
1552 2827 1919 2924 socordia,
1973 2853 2060 2903 ac
2087 2824 2291 2927 supi·

141 2937 587 3041 naquaedam
618 2936 889 3011 iurium
924 2928 1556 3019 Maiestaticorum
1578 2937 1989 3038 aet-ariique
2003 2930 2290 3039 publici

144 3044 597 3149 negligentia:
658 3067 873 3117 causa
913 3041 1046 3117 hac
1076 3043 1455 3145 Hungaria
1483 3039 1798 3117 ‘Andr-ea.
1819 3045 1911 3115 H.
1957 3036 2296 3115 Ladislao

26 3200 29 3237 ;
144 3147 476 3246 cumano,
529 3146 999 3254 Sigismundo
1023 3205 1045 3243 ,
1097 3146 1498 3230 wladislao
1537 3149 1630 3224 Π.
1665 3146 1718 3246 ⁸)
1767 3145 2160 3223 Ludouico
2196 3146 2293 3221 11.

313 3378 402 3438 ris
421 3421 438 3454 ‚
484 3382 715 3439 tantum
751 3382 815 3439 te
852 3377 1153 3442 dissensio
1196 3379 1561 3441 imBeeillem
1600 3376 1831 3457 reddit,
1878 3380 2059 3450 atquo
2085 3369 2300 3432 hostili

319 3482 569 3556 exponit
606 3482 904 3554 iniuriae3
951 3480 1423 3557 quandoquidem
1451 3486 1515 3543 et
1547 3498 1659 3558 per
1696 3497 1765 3542 se
1791 3522 1807 3555 ,
1851 3479 1958 3539 vbi
1993 3473 2302 3536 discordia

315 3586 686 3662 immigrauit
704 3627 721 3659 ‚
782 3601 977 3661 regna
1044 3588 1421 3652 collabuntur
1445 3630 1462 3662 ‚
1545 3603 1617 3647 ae
1670 3586 1864 3647 veluti
1914 3583 2188 3661 ingentia
2236 3582 2299 3639 in

318 3687 618 3747 montibus
666 3686 920 3761 robora,
1004 3705 1154 3763 quae
1207 3692 1371 3749 nulia
1426 3693 1528 3751 vis
1584 3693 1900 3749 ventorum
1927 3746 1930 3753 ,
1954 3686 2305 3746 conuellere

318 3792 535 3865 potest,
575 3791 742 3850 carie
777 3791 912 3866 ipsa
928 3793 1172 3867 proprio
1204 3795 1354 3861 vitio
1398 3795 1536 3851 imis
1555 3790 1864 3851 radicibus
1895 3792 2119 3861 innata,
2160 3786 2304 3844 nul-

320 3895 377 3951 lo
405 3895 786 3968 impellente,
834 3891 907 3951 ad
948 3898 1179 3953 terrain·
1209 3893 1567 3967 concidunt3
1617 3893 1764 3970 quod
1797 3894 2072 3970 profecto
2104 3901 2297 3963 regno

318 4001 671 4077 ngariae
701 4003 949 4061 euenire
983 4001 1311 4062 vfflimus.“
1348 4032 1435 4048 —-
1464 4028 1552 4051 --
1580 4003 1825 4063 Tubero
1855 4002 1919 4060 in
1967 3994 2181 4057 comni.
2221 3991 2297 4053 de

322 4105 691 4182 temporibus
724 4106 875 4171 suis.-
907 4103 981 4166 Ι..
1011 4105 1059 4164 1.
1089 4123 1224 4183 cap.
1261 4107 1311 4172 1.

240 4198 293 4291 ι)
327 4191 645 4290 ignauiam*
673 4209 1001 4272 wladislai
1031 4213 1115 4274 11.
1150 4228 1285 4274 cum
1329 4210 1522 4292 domi,
1566 4216 1692 4274 tun
1726 4210 1916 4287 roris,
1963 4204 2301 4285 aegerrima
