2875 4842
2077 444 2230 518 579

139 645 212 725 si
261 646 627 751 possessio
676 640 976 724 antelati
1011 644 1498 751 Episcopatus
1551 645 2120 754 vesprimiensis
2160 649 2346 730 inibi

138 752 567 859 adjacentes
611 750 842 848 dictas
877 751 1378 857 possessiones
1413 751 1698 855 Wylak
1738 755 1962 833 Ozlar
1998 777 2072 835 et
2108 756 2344 834 Buda-
2447 793 2454 800 ’

144 861 560 939 varimuzth
593 857 1019 963 aliqualiter
1060 853 1462 951 mediaret,
1518 876 1592 934 et
1633 863 2160 969 interciperet,
2215 882 2348 952 aut
2457 954 2464 965 ι

147 969 624 1074 aliquatenus
666 966 1173 1067 contingeret,
1229 990 1373 1039 nec
1416 993 1510 1041 ne
1556 971 2106 1049 conscientiose
2145 973 2345 1047 reui-

140 1074 397 1154 deret.
446 1073 540 1152 Et
592 1069 903 1179 posthec
941 1073 1167 1175 ipsius
1194 1073 1787 1178 ⁸possessionarie
1822 1075 2349 1156 reambulatio·

116 1181 287 1259 ,υἱέ
324 1199 686 1286 metarum
737 1174 1386 1256 demonstrationis
1449 1183 2067 1284 consignationis,
2137 1187 2348 1262 revi-

142 1289 434 1379 sionis,
511 1287 988 1363 estimationis
1047 1299 1119 1359 et
1183 1284 1603 1361 statutionis
1652 1292 1959 1385 seriem,
2014 1309 2097 1369 ut
2136 1290 2351 1368 fieret

146 1394 562 1500 expediens
583 1392 675 1470 ad
699 1410 995 1468 octavas
1011 1390 1155 1467 diei
1182 1390 1351 1467 festi
1371 1390 1571 1469 beati
1590 1391 1860 1471 Jacobi
1882 1397 1953 1471 A
2013 1414 2147 1475 ost.
2170 1415 2349 1474 tunc

152 1503 485 1578 ‘venturi'
537 1498 749 1575 nobis
817 1496 1307 1586 amicabiliter
1393 1499 1857 1581 rescriberet
1988 1518 2353 1581 onventus

150 1607 596 1685 antedictus.
653 1605 985 1681 Tandem
1023 1606 1197 1709 ipsis
1230 1606 1512 1683 octavis
1545 1604 1985 1686 instantibus
2076 1611 2375 1686 refatus.

155 1715 461 1820 Elegius
480 1711 892 1790 Canonicns
909 1737 1081 1814 cum
1112 1711 1406 1790 Decano
1422 1708 1622 1787 dicte
1642 1715 1972 1793 Ecclesie
1994 1638 2356 1793 lindensis

151 1849 302 1929 pro
359 1819 630 1898 eodem
668 1818 1005 1924 Capitulo
1048 1811 1378 1893 Ecclesie
1432 1844 1604 1894 cum
1651 1825 2185 1927 procuratoriis
2229 1817 2353 1900 lit-

154 1932 336 2005 teris
390 1927 719 2003 eiusdem
783 1939 1130 2027 presente
1194 1921 1527 2028 Georgio
1594 1922 1687 2004 de
1749 1927 1953 2006 Keer
2021 1931 2155 2034 qui
2207 1955 2354 2034 pro

148 2038 322 2140 ipso
373 2032 719 2110 Ladislao
765 2049 1021 2107 actore
1072 2055 1244 2106 cum
1291 2034 1833 2136 procuratoriis
1881 2032 2138 2113 litteris
2172 2035 2353 2115 dicti

148 2133 586 2218 Conventus
627 2137 1029 2214 adherebat
1066 2137 1160 2212 ad
1196 2137 1640 2241 presentiam
1685 2141 2011 2218 nostram
2051 2144 2352 2220 venien·

148 2248 257 2324 do
316 2248 596 2324 litteras
657 2245 1047 2321 memorati
1111 2243 1540 2324 Conventus
1605 2244 2102 2351 Simegiensis.
2134 2249 2352 2326 nobis

156 2352 620 2462 presentavit
654 2348 1009 2428 babentes
1042 2345 1236 2426 bunc
1277 2364 1672 2434 tenorem..
1740 2351 2145 2456 Magnifice
2185 2358 2350 2433 viro

150 2462 490 2538 Domino
538 2455 848 2536 Nicolao
905 2457 999 2533 de
1040 2455 1238 2532 Gara
1270 2455 1523 2579 Bessni
1562 2457 1937 2564 Hungarie
1978 2461 2350 2555 Palatino,

157 2565 534 2645 et‘Judici
574 2561 1142 2660 Cumanorum,
1213 2562 1569 2656 domino,
1639 2583 1717 2641 et
1782 2568 2021 2644 amico
2084 2595 2352 2644 eorum

157 2670 607 2752 honorando
641 2690 1053 2748 conventus
1085 2687 1510 2770 monastery
1540 2667 1790 2762 Sancti
1819 2672 2061 2778 Egidy
2093 2674 2190 2752 de
2225 2671 2346 2751 Si-

158 2773 839 2884 migio-'amicitiam
890 2795 1222 2883 paratam
1281 2777 1458 2852 cum
1506 2772 1819 2855 bonore.
1889 2781 2160 2858 Vestra
2210 2809 2346 2859 no·-

157 2890 357 2965 verit
428 2886 752 2963 amicitia
818 2913 954 2962 nos
1019 2883 1305 2962 litteras
1385 2901 1661 2963 vestras
1742 2884 2343 2986 adiudicatorias,

155 2994 378 3072 nobis
439 2987 752 3069 directas
821 2993 1255 3068 reverencia
1307 3017 1455 3095 qua
1506 2990 1757 3070 decuit
1804 2997 2214 3098 recepisse,
2269 3014 2345 3075 et

155 3104 365 3181 iuxta
396 3097 796 3178 earundem
845 3098 1369 3202 continentiam
1417 3125 1567 3172 una
1605 3125 1776 3176 cum
1809 3107 2157 3204 magistro
2190 3099 2342 3176 Va-

159 3205 591 3286 lentino‘de
640 3206 1171 3311 Zentegyurgy
1216 3202 1562 3300 bomine,
1617 3198 1692 3281 et
1751 3210 2039 3284 notario
2081 3221 2339 3285 vestro

155 3313 529 3418 decuria
577 3314 812 3419 Regia
896 3338 1010 3418 aer
1077 3337 1211 3390 vos
1265 3308 1624 3416 deputato
1680 3331 1967 3391 nostros
2000 3311 2336 3393 homines

154 3422 505 3500 videlieet
542 3418 805 3497 batres
853 3342 1079 3520 fiycb
1132 3443 1279 3525 pro
1331 3437 1547 3523 parte
1603 3418 1922 3525 Capituli
1973 3420 2337 3500 Budensis

156 3531 543 3634 exigente«
604 3531 798 3604 Item
827 3515 1208 3604 Johan'nes
1248 3552 1395 3630 pro
1430 3539 1642 3631 parte
1681 3522 1993 3601 Ladislai
2035 3525 2163 3628 lily
2196 3525 2333 3605 La·

151 3629 363 3714 dislai
403 3632 585 3710 Bani
615 3631 714 3711 de
755 3631 1150 3726 Gordova,
1202 3658 1346 3709 nec
1381 3658 1536 3707 non
1577 3630 2050 3709 Sebastianus
2079 3659 2337 3712 sacer-

151 3742 370 3821 dotes
416 3766 556 3845 pro
600 3740 893 3846 prefato
935 3737 1225 3816 Jacobo
1262 3737 1416 3817 filio
1453 3734 1739 3816 Ni‘cotai
1775 3737 1871 3815 de
1891 3737 2328 3836 Kereus-ur,

156 3868 236 3928 et
268 3849 612 3927 Emerico
633 3846 787 3925 filio
824 3845 1151 3924 eiusdem
1190 3847 1267 3921 in
1304 3862 1526 3946 causa
1558 3862 1894 3923 actorum
1932 3845 2025 3952 ad
2057 3874 2140 3924 ea
2179 3877 2329 3955 que

128 3955 231 4033 -in
284 3953 562 4034 eisdem
611 3955 871 4033 litteris
932 3956 1198 4030 nostris
1250 3950 1795 4030 adiudicatoriis
1852 3957 2335 4031 continentur

162 4057 579 4170 peragenda
613 4062 883 4139 nostris
922 4087 1065 4167 pro
1099 4053 1435 4148 testimon
1439 4079 1529 4166 ys
1562 4057 2143 4140 destinassemus.
2184 4053 2336 4153 Qui

160 4173 456 4260 tandem
509 4168 780 4250 exinde
832 4166 922 4244 ad
975 4193 1113 4245 nos
1173 4167 1450 4247 reversi
1513 4167 1727 4244 nobis
1772 4173 2098 4349 {opsona
2137 4169 2333 4258 'voce
