2875 4842
606 443 758 516 326

497 648 924 750 obsequiis,‘
999 673 1085 724 ac
1139 649 1444 728 sinceris
1484 647 2043 751 'complacentiis
2092 647 2331 728 fidelis
2401 644 2643 721 nostri
2664 653 2711 738 ,'

497 753 749 831 dilecti
786 753 1054 831 nobilis
1084 758 1224 832 viri
1259 754 1589 856 Magistri
1617 755 1811 828 Galli
1842 754 1942 830 de
1978 757 2268 842 Zeech‚
2305 752 2515 831 aulae
2551 776 2691 827 no-

497 881 689 938 strae
734 863 982 939 militis
1007 919 1026 947 ,
1080 863 1358 963 quibus
1401 860 1603 936 idem
1653 861 2025 938 Maiestati
2056 882 2353 939 nostrae
2400 862 2479 934 in
2522 858 2693 961 plu·

496 972 699 1044 rimis
747 973 1010 1046 nostris
1065 986 1147 1045 et
1193 993 1450 1045 sacrae
1503 989 1830 1043 coronae
1883 961 2223 1073 agendis,
2298 966 2689 1074 prosperis

495 1077 779 1152 scilicet
824 1093 901 1150 et
935 1075 1305 1170 aduersis,
1361 1075 1498 1152 sub
1533 1074 1957 1150 diuersitate
1996 1077 2338 1153 locorum
2382 1091 2463 1149 et
2498 1089 2691 1147 tem-

498 1207 792 1287 porum,
827 1209 978 1258 non
1015 1183 1396 1288 parcendo
1426 1186 1574 1258 suis
1612 1181 1836 1257 rebus
1870 1201 1948 1260 et
1982 1207 2347 1290 personae
2372 1176 2692 1254 eandem

497 1315 702 1365 suam
743 1315 1137 1393 personam
1194 1293 1451 1366 mortis
1514 1287 1804 1364 casibus
1851 1290 2307 1388 exponendo
2364 1287 2693 1391 agilitate

496 1413 798 1472 strenua
828 1412 904 1471 et
923 1396 1421 1474 sollicitudine
1462 1394 1822 1470 indefessa
1848 1396 2065 1471 nobis
2086 1423 2175 1472 se
2210 1414 2501 1500 gratum
2526 1389 2693 1469 red·

500 1501 688 1578 didit
726 1518 804 1577 et
845 1520 1279 1608 acceptum3
1334 1500 1796 1578 attendentes
1830 1501 2313 1579 nihilominus
2364 1503 2690 1578 sinceri-

501 1611 666 1685 tatis
705 1606 944 1684 zelum
968 1666 988 1705 ,
1044 1636 1270 1713 quem
1307 1610 1469 1714 ipse
1509 1606 1739 1682 fidelis
1782 1626 2037 1685 noster
2075 1609 2390 1685 dilectus
2448 1610 2691 1709 magi-

501 1733 654 1791 ster
679 1717 935 1791 Gallus
955 1718 1048 1791 de
1085 1715 1331 1792 Zee‘ch
1365 1716 1457 1790 ad
1492 1741 1779 1790 sacrum
1812 1718 2021 1820 regni
2058 1717 2483 1820 Hnngarise
2507 1715 2691 1815 dya-

505 1823 717 1896 dema
739 1877 761 1918 ,
797 1849 883 1897 ac
914 1823 1008 1897 ad
1055 1841 1375 1898 nostram
1406 1881 1422 1906 ,
1456 1838 1530 1897 et
1558 1820 2089 1898 serenissimae
2136 1823 2491 1923 Principis
2525 1823 2689 1897 Do·

505 1931 750 2006 minse
788 1931 1108 2027 Mariae,
1163 1929 1465 2008 illuseris
1493 1931 1799 2032 reginae
1838 1928 2259 2031 Hungariae
2303 1948 2440 2005 etc.
2494 1953 2695 2003 con-

509 2040 725 2111 sortis
775 2033 1073 2113 nostrae
1141 2036 1594 2128 carissimae,
1660 2034 2058 2112 Maiestatis
2114 2027 2157 2111 ai
2207 2034 2490 2111 dudum
2530 2059 2692 2140 ges·

507 2141 644 2234 sit',
701 2159 776 2217 et
807 2169 1069 2246 gerere
1125 2142 1418 2217 anhelat
1451 2139 1793 2218 feruenti·
1814 2140 2185 2220 desiderio
2218 2144 2301 2218 in
2330 2143 2690 2220 futurum.

507 2249 1089 2326 praemissorum
1117 2252 1371 2353 itaque
1404 2250 1674 2324 intuitu
1696 2307 1711 2332 ‚
1772 2269 1849 2325 et
1890 2267 1969 2325 vt
2000 2251 2280 2326 caeteri
2323 2246 2691 2352 exempla-

509 2357 588 2452 ti,
615 2352 709 2429 ad
753 2375 1002 2433 nostra
1042 2360 1339 2432 seruitia
1394 2355 1799 2433 feruentius
1834 2358 2294 2448 animentur,
2348 2358 2684 2430 ‘volentes

507 2461 1032 2569 ipsi-Magistro
1065 2465 1279 2540 Gallo
1317 2464 1522 2565 regio
1559 2463 1962 2540 occur-nere
2007 2490 2180 2539 cum
2214 2461 2503 2554 fanone,
2542 2477 2687 2535 ms:

508 2587 680 2647 tura
739 2570 1163 2674 praehabita
1217 2567 1800 2662 deliberatione,
1879 2569 1974 2645 de
2032 2587 2235 2646 certa
2286 2567 2690 2643 Maiestatis

505 2693 803 2751 nostrae
843 2679 1189 2774 scientia,
1237 2692 1320 2753 et
1357 2676 1951 2782 de·beneplacita
2012 2676 2403 2753 voluntate
2446 2675 2686 2752 dietae

510 2782 876 2860 Dominae
916 2783 1192 2860 Mariae
1226 2785 1562 2885 reginae,
1596 2787 1970 2860 ‘consortis
2016 2801 2312 2863 nostrae
2359 2784 2687 2886 amantis·

512 2890 736 2962 simae
771 2913 1103 2992 sanoque
1142 2890 1232 2964 ad
1272 2891 1347 2965 id
1380 2888 1704 2967 fidelium
1750 2889 2258 2970 Praelatorum
2323 2908 2402 2966 et
2449 2892 2683 2965 Baro-

510 3021 693 3072 num
737 3014 1155 3071 nostrorum
1188 2997 1595 3072 accedente
1636 2997 1989 3093 consilio,
2030 2999 2528 3102 possessiones
2564 3020 2685 3070 no-

505 3119 695 3183 stras
732 3102 1015 3203 regales
1049 3102 1453 3205 Sedlycze‚
1484 3101 2041 3209 Miklosvagasa‚
2076 3123 2154 3179 et
2178 3099 2685 3208 Sopotnycha,

511 3229 850 3301 vocatas,
907 3212 978 3284 in
1023 3211 1394 3288 Comitatu
1431 3208 1526 3285 de
1577 3209 1892 3300 Saaros,
1970 3214 2422 3301 existentes,
2499 3233 2687 3314 quae
2736 3221 2741 3226 “

515 3317 691 3392 alias
732 3317 975 3392 eidem
1016 3317 1373 3422 Magistro
1416 3315 1632 3391 Gallo
1673 3335 1814 3422 'per
1854 3337 2180 3395 nostram
2214 3316 2688 3420 ‘Maiestatem

514 3449 653 3528 pro
688 3426 1131 3527 sexingentis
1164 3423 1464 3504 florenis
1503 3425 1707 3517 auri,
1767 3426 2019 3528 vigore
2075 3427 2380 3501 aliarum
2432 3424 2691 3499 litera·

513 3555 685 3606 rum
733 3532 1408 3624 nostrarumtitulo
1448 3532 1783 3636 pignoris
1826 3533 2191 3637 obligatae
2243 3530 2412 3605 fore
2462 3531 2689 3607 dino-

512 3634 949 3732 scebantur,
1006 3642 1408 3713 eximentes
1451 3656 1526 3713 et
1567 3655 2111 3741 sequestrantes
2150 3636 2447 3716 easdem
2483 3666 2529 3714 a
2561 3638 2689 3714 do·

513 3742 745 3817 minio
788 3760 863 3819 et
895 3744 1401 3821 iurisdictione
1445 3747 1664 3820 castri
1708 3750 1941 3822 nostri
1985 3744 2253 3821 Saarus
2281 3745 2557 3847 ‚ipsas
2591 3747 2692 3819 si-

513 3849 675 3922 mul
703 3874 890 3924 ‚cum
927 3875 1181 3928 earum
1205 3851 1653 3928 ·vtilitatibus
1674 3909 1696 3945 ,
1751 3871 1828 3929 et
1862 3854 2297 3953 praesertim
2338 3854 2553 3953 sylua
2590 3853 2689 3926 si-

509 3953 785 4038 militer
823 3953 1342 4060 Sopothnycza
1371 3975 1674 4053 vocata,
1709 3985 1795 4036 ae
1847 3960 2023 4038 foro·
2055 3962 2131 4038 in
2170 3957 2371 4035 dicta
2407 3956 2686 4060 Sedly-

515 4089 643 4138 eze
681 4062 1042 4172 celebrati
1085 4085 1487 4160 consuet0‚
1536 4091 1687 4144 nec
1719 4093 1871 4143 non
1919 4069 2134 4144 terris
2173 4066 2393 4167 ciiltis
2441 4083 2522 4142 et
2564 4065 2682 4158 in-

514 4169 764 4266 cultis',
819 4171 1302 4268 molendinis,
1345 4173 1630 4282 ⁵⁵aquis,
1660 4199 1667 4212 ·
1698 4177 1971 4282 pratis,
2029 4172 2362 4286 pascuis,
2392 4171 2680 4282 sfiliis,
2742 4203 2753 4208 ·
