2875 4842
2035 482 2186 556 2⁰1

128 710 451 800 quanam
495 717 699 769 suam
736 684 1034 779 filialem
1063 712 1235 769 cum
1275 690 1592 799 pecunia
1621 747 1642 786 ,
1699 692 2037 797 recipere
2074 690 2298 769 debe·

126 814 297 878 reta
333 802 556 891 Petro
591 798 973 894 Iohanne,
1026 815 1103 875 et
1152 798 1381 875 Paulo
1423 800 1849 902 prenotatis.
1920 799 2089 889 Que
2131 802 2296 903 qui-

128 906 284 985 dem
334 908 655 987 Domina
717 906 990 983 dictam
1050 922 1391 1010 quartam
1452 932 1658 983 suam
1725 904 2130 1013 puellarem
2197 904 2294 984 ab

131 1015 383 1093 eisdem
451 1010 821 1093 rehabere
875 1012 1313 1093 recusasset*
1342 1013 1668 1109 ratione,
1722 1012 1928 1119 cujus
1983 1007 2295 1089 eandem

132 1121 486 1206 dominam
516 1118 741 1224 ydem
774 1118 1097 1223 Regius,
1150 1137 1228 1196 et
1271 1118 1450 1197 dicti
1490 1117 1917 1198 Conventus
1958 1116 2294 1196 homines

134 1228 382 1305 eodem
427 1228 553 1311 die
649 1242 727 1307 et
786 1228 861 1300 in
913 1225 1103 1302 facie
1163 1224 1358 1302 dicte
1411 1228 1888 1331 possessionis
1951 1223 2292 1320 Zakacli'‚

135 1352 373 1413 contra
423 1360 554 1412 eos
608 1360 727 1409 em
783 1329 977 1409 filios
1032 1328 1328 1409 Nicolai
1377 1331 1473 1408 ad
1525 1330 1865 1434 quintum
1915 1331 2296 1409 decimum

134 1438 312 1517 diem
346 1439 661 1551 predicti
703 1437 869 1517 festi
926 1439 1330 1515 nativitatis
1375 1441 1581 1515 Beati
1631 1436 1990 1515 Johannis
2031 1439 2297 1543 Bapti-

134 1564 235 1624 ste
282 1564 461 1625 tune
505 1547 802 1623 affuturi
849 1546 929 1625 in
977 1548 1203 1655 ipsius
1245 1548 1619 1649 Reginaiis
1675 1544 2072 1650 Maiestatis
2125 1572 2298 1655 pre-

129 1657 419 1731 seutiam
454 1646 921 1733 'evocassent
1027 1654 1098 1757 ᾼ
1148 1676 1308 1757 quo
1370 1651 1675 1759 quidem
1729 1653 2296 1757 quintodecimo

132 1757 242 1836 die
273 1758 503 1869 ipsam
543 1764 834 1837 causam
866 1760 1066 1838 inter
1108 1759 1403 1865 easdem
1439 1776 1648 1873 parte
1703 1814 1725 1854 ‚
1771 1761 1941 1869 'ipsa
1979 1760 2298 1865 Regina-

132 1864 208 1944 lis
250 1862 598 1945 serenit'as
630 1864 834 1943 'iicet
887 1866 1175 1963 eedem.
1206 1882 1453 1970 partes
1507 1868 1665 1941 litte
1711 1884 1827 1961 as,
1859 1885 1962 1943 'et
2009 1867 2300 1943 instru-
2433 1898 2462 1957 j

129 1990 360 2050 menta
400 2002 657 2053 earum
696 1974 970 2050 factum
1011 1974 1209 2051 dicte
1258 1985 1478 2051 cau'se
1517 1978 1848 2080 ipsarum‘
1879 1972 2298 2075 tangent-esi

131 2098 196 2161 et
240 2084 1045 2189 contingentiacoram
1120 2082 1251 2159 sna
1321 2079 1703 2187 majestate
1771 2078 2295 2167 exhibuissent.

129 2187 393 2266 Tamen
445 2206 759 2294 propter
816 2188 1185 2263 Beronum
1242 2214 1544 2264 suorum
1594 2186 2001 2264 absentiam
2051 2185 2143 2261 ad
2186 2186 2297 2262 di·-

129 2314 269 2374 ctas
328 2315 621 2373 octavas
685 2293 852 2369 festi
923 2290 1119 2369 beati
1188 2292 1597 2395 Mychaeiis
1665 2290 2146 2396 Archangelis
2203 2294 2297 2369 in

126 2403 341 2511 ipsius
393 2404 701 2480 Domini
755 2396 1046 2477 Nicolai
1092 2400 1186 2497 de
1214 2392 1415 2479 Gara
1471 2401 1786 2485 Paiatini
1848 2402 2299 2503 presentiam

172 2529 592 2613 rorogasset
630 2535 723 2585 eo
759 2505 986 2584 modo
1009 2560 1032 2600 ,
1089 2526 1170 2583 ut
1207 2505 1467 2587 eadem
1514 2507 1782 2582 nobilis
1818 2507 2135 2589 Domina
2185 2534 2299 2585 re·

173 2636 287 2695 cta
314 2618 608 2697 Thome
638 2610 889 2691 medio
925 2630 1260 2717 tempore
1293 2616 1369 2687 in
1412 2613 1765 2723 predictis
1809 2614 2298 2716 possessiona·

127 2725 239 2801 riis
290 2720 760 2831 portionibus
809 2718 1124 2794 condam
1172 2720 1495 2803 filiorum
1543 2721 1749 2796 Pauli
1789 2722 1864 2794 in
1916 2716 2114 2797 dic‘ta
2161 2722 2296 2796 Za-

125 2830 294 2908 kach
332 2832 603 2907 habitis
655 2829 942 2937 pridem
983 2822 1473 2907 mediantibus
1523 2825 1787 2905 litteris
1825 2828 1975 2927 suis
2013 2832 2296 2929 regina·

127 2933 305 3016 libns
357 2965 496 3044 per
551 2934 1085 3039 vicecomitem
1134 2932 1719 3041 Symegiensem
1793 2930 1937 3010 sibi
1995 2934 2296 3013 ‘statutis

126 3046 392 3147 nuliam
435 3042 969 3123 desolationem
1000 3035 1210 3117 —an
1237 3069 1468 3148 super
1499 3042 1755 3118 silvam
1791 3045 2167 3119 exactorie
2193 3036 2296 3129 fa-

125 3175 284 3228 0ere
325 3144 657 3227 deberet.
735 3146 822 3227 In
869 3142 1142 3251 quibus
1198 3146 1416 3224 etiam
1471 3150 1748 3231 octavis
1803 3147 1897 3221 de
1954 3172 2045 3222 eo
2084 3145 2300 3251 quod

124 3250 730 3338 endem'domi'na
776 3254 1035 3353 relicta
1070 3248 1369 3347 'rhome
1420 3256 1566 3332 litis
1615 3256 1815 3330 inter
1862 3252 2113 3351 medio
2150 3253 2294 3356 ipsi

124 3369 421 3471 reginali
465 3360 822 3472 majestati
877 3352 1414 3473 querimoniam
1453 3334 1870 3469 porigendo
1907 3384 1984 3437 se
2032 3365 2102 3434 in
2146 3360 2294 3436 do-

126 3470 422 3551 minium
472 3476 834 3577 dictarum
909 3468 1342 3571 portionum
1396 3469 2132 3575 possessionariarum
2187 3470 2294 3543 in·

94 3574 425 3659 ‚troduci‘
456 3583 702 3657 facere
743 3568 1254 3699 procurasset,
1308 3576 1502 3655 ideo'
1540 3575 1887 3659 Nicotaus
1944 3572 2037 3651 de
2097 3576 2296 3653 Gara

124 3684 477 3789 Palatinus
526 3684 940 3764 deliberare
986 3678 1298 3760 deberet
1337 3686 1522 3760 Jure
1570 3685 1946 3789 exigente,
2003 3683 2134 3757 ubi
2170 3698 2295 3758 et-

129 3794 255 3869 iam
299 3796 652 3873 videlicet
711 3795 788 3867 in
896 3793 1212 3867 resentia
1266 3789 1598 3893 ejusdem
1643 3788 1959 3866 Domine
2001 3792 2294 3865 nostrae

130 3897 439 4004 Begine,
496 3905 665 4006 quia
697 3924 830 4007 pre
862 3892 1055 3973 ibata
1094 3897 1411 3973 Domina
1453 3897 1711 3973 relicta
1757 3894 2114 3978 Jobannis
2163 3893 2296 3996 my

134 4004 385 4088 Pethus
454 4005 937 4115 personaliter
980 3998 1407 4079 adherendo
1459 4028 1540 4081 se
1606 4019 1907 4109 neptem
1983 4002 2302 4109 predicti

135 4111 359 4193 Heem
405 4116 613 4209 fore}
667 4131 743 4191 et
773 4110 908 4185 sibi
946 4104 1277 4185 similiter
1319 4106 1659 4217 'quartam
1698 4108 1992 4199 filialem
2035 4107 2128 4185 de
2166 4107 2297 4182 eis-

139 4212 297 4301 dem
345 4221 815 4329 portionibus
858 4218 1256 4323 provenire
1304 4218 1585 4297 debere
1610 4275 1635 4315 ,
1688 4234 1766 4295 et
1801 4245 1879 4296 se
1914 4218 1993 4292 in
2027 4214 2297 4292 dictam

2709 572 2722 588 Q

2853 950 2856 1007 4*
2853 886 2856 905 -
2851 720 2856 867 -—..—-
2849 390 2857 697 —-.....-—.-..——
2851 314 2856 345 ..-
2853 236 2856 283 --.
