2875 4842
1851 528 1894 554 .„
1931 482 1957 562 =3
2035 472 2188 544 αις»

163 687 287 760 ritu
350 682 737 759 orientalis
815 681 1181 760 Ecclesiae
1238 684 1522 789 lignum
1579 680 1769 760 vitae
1827 681 1904 756 in
1961 679 2298 756 manibus

163 792 484 893 Cypriani
546 791 1060 894 Metropolitae
1110 790 1567 893 Kyouiensis
1636 786 2078 865 tmtostmlati.¹
2156 784 2299 861 Die

34 968 35 971 ,
159 896 651 975 Translationis
685 895 765 973 S.
813 897 1153 975 stanislai
1189 892 2196 1011 AnnquCCCLXXXVII.

98 1040 107 1055 ’
168 1024 171 1027 ¹
228 1054 453 1117 Literae
484 1056 763 1117 idiomate
780 1029 1111 1117 Valachico
1144 1072 1254 1134 per
1269 1058 1618 1117 contextum
1645 1054 1934 1129 scriptae.
1977 1048 2152 1127 Apud
2178 1050 2298 1110 Do-

319 1160 440 1233 giel
471 1158 618 1219 cod.
664 1160 985 1236 Diplomat.
1022 1159 1311 1218 Poloniae
1343 1159 1516 1222 Tom.
1549 1155 1597 1219 1.
1631 1173 1692 1232 p.
1729 1156 1870 1218 59⁷.
1905 1150 2001 1213 m·
2031 1150 2301 1211 maxima
2385 1220 2392 1231 ¹

320 1267 497 1341 regni
532 1267 886 1342 Hungariae
936 1267 1163 1325 iniuria
1207 1265 1433 1323 factum
1478 1277 1624 1323 esse
1645 1301 1670 1336 ,
1712 1261 1899 1337 patet.
1960 1258 2132 1318 Petri
2171 1257 2297 1316 ffli-

317 1384 446 1442 um,
495 1367 900 1446 Stephanum,
961 1370 1120 1427 bello
1175 1365 1247 1424 ad
1299 1364 1471 1424 fidem
1516 1362 1830 1424 reuocauit
1868 1358 2300 1435 sigismundus

316 1487 466 1529 anno
509 1472 853 1546 subsequo,
899 1476 994 1549 ast
1042 1468 1200 1553 haud
1236 1468 1591 1531 durabilem.
1617 1465 1815 1524 -Ad
1862 1480 2079 1523 annum
2136 1466 2300 1523 hunc

318 1581 527 1636 narrat
576 1577 835 1635 fabulam
896 1577 1233 1637 Hermanni
1281 1574 1537 1634 Corneri
1593 1575 1931 1655 chronicon
1977 1571 2132 1648 apud
2175 1570 2300 1630 Ec-

319 1679 570 1739 eardum
608 1681 683 1743 Τ.
711 1679 797 1739 11.
834 1696 895 1755 p.
929 1682 1125 1743 1155:
1171 1674 1683 1754 „Sigismundus‚
1723 1676 1912 1734 frater
1941 1672 2301 1735 wenceslai

317 1782 518 1859 Regis
578 1781 1019 1855 Romanorum,
1093 1783 1296 1849 factus
1356 1782 1501 1847 Rex
1537 1781 1905 1858 ,Unger-iae,
1969 1776 2302 1840 secundum

319 1885 667 1943 Chronicon
709 1885 1105 1944 Bohemorum
1129 1925 1146 1959 ‚
1191 1885 1267 1943 ab
1305 1900 1498 1946 vxore
1535 1901 1681 1958 sua,
1726 1884 1966 1961 Maria,
2012 1884 2141 1942 fllia
2170 1882 2302 1942 Lo-

314 1986 523 2047 douici
554 1987 750 2064 Regis
788 1989 1101 2065 Vngariae
1144 1986 1458 2066 defuncti,
1501 1989 1715 2048 haberi
1760 1989 1959 2064 coepit
2010 1990 2300 2047 comtem-

316 2089 404 2146 tui
450 2072 531 2149 et¹
565 2087 921 2169 paruipendi
967 2090 1028 2147 in
1065 2090 1340 2149 omnibus
1372 2090 1560 2150 factis
1600 2089 1756 2152 suis.
1819 2090 1965 2166 Ipsa
1995 2090 2153 2148 enim
2187 2104 2304 2163 qua

319 2191 461 2251 Rex
517 2191 715 2250 omnia
754 2192 936 2267 regni
990 2192 1255 2268 negocia
1304 2190 1627 2268 disponere
1672 2193 1842 2265 nisa,
1885 2189 2170 2251 mandata.
2194 2189 2302 2249 Sl-

317 2291 667 2370 gismundi,
710 2294 827 2353 viri
881 2294 981 2355 sui
1009 2335 1026 2366 ,
1074 2294 1314 2355 irritare
1363 2296 1425 2353 et
1473 2294 1788 2375 annullare
1823 2294 2056 2355 statuit.
2131 2291 2302 2352 Fecit
2359 2314 2362 2323 ·

320 2397 577 2473 insuper
631 2397 935 2473 propriam
994 2395 1133 2454 lieri
1180 2397 1511 2469 monetam,
1573 2397 1636 2454 et
1686 2395 1748 2452 in
1793 2394 2045 2455 florenis
2104 2393 2301 2470 sculpi

320 2500 507 2559 fecit:
574 2498 781 2561 Maria
833 2498 974 2563 Rex
1024 2497 1361 2574 Vngui-iae.
1405 2495 1610 2571 'Quod
1664 2500 1732 2557 vt
1776 2497 1956 2572 regni
1999 2494 2302 2559 Proceres

321 2600 618 2661 viderunt
694 2600 930 2676 Regem
994 2614 1263 2676 arguere
1308 2602 1675 2676 coeperunt,
1722 2599 2080 2674 afferentes,
2125 2599 2302 2675 regio

316 2704 539 2765 honori
589 2718 706 2763 non
758 2719 903 2763 esse
954 2703 1359 2774 conueniens,
1415 2703 1735 2762 mulierem
1785 2686 2119 2780 principari
2164 2701 2302 2762 viro

320 2813 439 2867 tam
472 2805 807 2870 industrio.
865 2805 1011 2869 Rex
1040 2808 1241 2865 autem
1270 2804 1681 2864 exacerbatus
1713 2805 1945 2880 pariter
1979 2807 2041 2864 et
2071 2806 2304 2865 anima-

320 2911 454 2991 tu's,
508 2916 745 2981 talibus
783 2913 1334 2992 increpationibus,
1395 2912 1712 2989 Reginam
1753 2910 1825 2971 ad
1875 2914 2135 2973 locum
2178 2927 2303 2972 se·-

322 3020 633 3076 cretum
685 3017 1051 3094 recepit,
1093 3018 1154 3075 et
1199 3028 1330 3073 eam
1375 3017 1498 3073 tam
1540 3011 1688 3074 dure
1735 3013 2048 3087 castigans
2090 3026 2305 3071 corre-

319 3126 414 3188 xit
436 3165 455 3197 ,
504 3126 575 3181 vt
610 3123 851 3181 veniam
897 3136 936 3178 a
963 3120 1139 3197 Rege
1169 3124 1388 3196 petens
1428 3117 1735 3183 emendam
1769 3120 1830 3175 et
1865 3118 2307 3176 subiectionem

190 3256 198 3265 ·
323 3222 588 3287 debitam
618 3225 1009 3299 promitteret.
1076 3221 1245 3299 Quod
1281 3226 1342 3281 et
1380 3237 1495 3283 non
1534 3218 1634 3282 diu
1672 3222 1810 3295 post
1842 3218 2002 3277 facto
2039 3214 2306 3295 euidenti
2367 3216 2370 3219 ’

318 3334 609 3397 ostendit.
668 3333 852 3395 Erant
889 3334 1047 3392 enim
1088 3336 1231 3390 tnnc
1268 3332 1557 3408 temporis
1593 3328 1829 3404 quidam
1859 3330 2140 3405 potentes
2175 3324 2305 3384 Re·-

320 3438 432 3512 gni
481 3435 786 3494 Proceres
810 3476 830 3507 ,
875 3434 975 3507 qui
1003 3435 1171 3494 vitae
1218 3434 1390 3510 regis
1431 3432 1890 3493 insidiabantur.
1956 3427 2040 3488 ui
2075 3425 2309 3486 intelli-

318 3546 584 3618 gentes,
626 3540 925 3617 Reginam
956 3557 999 3598 >a
1027 3539 1204 3616 Rege
1244 3538 1399 3600 dure
1427 3543 1768 3616 correptam
1789 3552 1973 3613 -esse,
2016 3535 2311 3594 aestima-

318 3653 467 3712 bant
507 3666 641 3711 eam
670 3664 838 3711 more
873 3649 1169 3709 foemineo
1221 3649 1296 3710 ob
1343 3650 1460 3711 hoc
1497 3646 1654 3724 regi·
1684 3644 2022 3722 indignari,
2068 3642 2142 3700 ab
2173 3641 2313 3716 ipsa
2427 3674 2445 3681 -

327 3728 636 3815 sciscitati
668 3754 809 3811 sunt
828 3792 845 3824 ,
890 3766 964 3809 an
1011 3755 1190 3810 nocte
1224 3753 1505 3831 proxime
1538 3750 1746 3809 futura
1775 3747 1921 3808 Rex
1955 3747 2015 3806 ei
2047 3742 2310 3805 condor-

323 3859 479 3918 mire
528 3856 755 3927 vellet,
799 3852 1252 3935 promittentes,
1299 3868 1372 3912 se
1406 3852 1694 3935 iniuriam
1744 3864 1917 3911 suam
1955 3849 2119 3910 velle
2169 3846 2310 3905 vin-

330 3958 563 4022 dicare.
592 3956 842 4030 <fluibus
880 3946 1233 4047 respondit:
1270 3954 1383 4016 sic.
1428 3957 1559 4028 Quo
1597 3954 1830 4027 habito,
1877 3951 2313 4028 disposuerunt

314 4060 435 4134 se,
480 4065 550 4119 vt
583 4059 817 4136 Regem
852 4064 1027 4116 nocte
1055 4048 1335 4134 proxima
1369 4054 1526 4132 apud
1558 4058 1838 4134 reginam
1877 4050 2311 4115 interficerent.

290 4162 538 4225 ,Maria
588 4166 784 4222 autem
828 4160 1078 4238 regina,
1128 4162 1190 4219 vt
1242 4157 1464 4220 nobilis
1498 4163 1561 4220 et
1598 4172 1903 4249 generosa
1950 4152 2170 4218 mulier
2211 4149 2312 4208 fa·-
