2875 4842
470 480 476 485 ,
591 411 820 527 2¹⁵⁶?

557 634 639 695 et
691 616 949 693 Petrus
1005 618 1135 719 my
1188 596 1648 693 Mathias'de
1704 614 1983 721 Caplan
2040 612 2413 716 quandam
2463 616 2717 692 terram‘

554 726 890 829 ipsorum
910 718 1277 801 Remethe
1314 720 1644 801 vocatam
1675 724 1869 799 intra
1907 741 2137 799 metas
2155 726 2303 813 iam
2336 721 2530 797 dicte
2544 746 2702 826 pos-

555 830 895 908 sessionis
925 828 1265 907 Troehan
1315 829 1775 913 adiacentem
1812 828 2320 935 potentialiter
2356 854 2702 928 occupan-

555 935 670 1015 do.
699 962 836 1038 per
870 938 1174 1041 propria
1217 956 1460 1011 aratra
1499 955 1576 1014 et
1606 939 1827 1013 etiam
1872 935 2366 1038 Jobagionum
2404 941 2700 1037 ipsorum

556 1048 929 1148 perarari,
984 1062 1060 1118 et
1096 1044 1826 1119 seminari-fecissent
1865 1059 1940 1118 et
1991 1043 2320 1117 facerent
2362 1046 2701 1117 incessan-

556 1167 675 1226 ter
704 1149 798 1224 de
835 1151 1197 1255 praesenti
1236 1151 1315 1223 in
1362 1150 1893 1255 praeiudicium
1939 1150 2276 1250 ipsorum
2330 1148 2536 1223 valde
2565 1175 2703 1221 ma-

555 1283 804 1359 gnum.
879 1256 1131 1360 Super
1190 1282 1348 1358 quo
1398 1277 1717 1334 vestram
1765 1255 2225 1333 nobilitatem
2288 1258 2703 1354 requirimus

553 1389 697 1466 per
750 1374 1168 1467 praesentes
1232 1372 1599 1463 quatenus
1659 1391 1885 1438 unum
1942 1361 2060 1436 vel
2123 1361 2313 1437 duos
2381 1387 2473 1434 ex
2525 1360 2699 1437 vobis

555 1470 1094 1563 transmittatis,
1149 1472 1280 1571 qui
1321 1471 1417 1545 ab
1459 1471 1806 1546 omnibus
1847 1468 2121 1573 quibus
2160 1467 2526 1542 incumbit
2561 1459 2700 1542 ine·

553 1603 716 1652 ram
769 1575 863 1651 de
899 1578 1270 1680 promissis
1310 1581 1789 1677 experiantur
1835 1579 2220 1651 veritatem
2276 1593 2695 1677 expertaque

555 1685 1118 1788 praemissarum
1169 1709 1376 1759 mera
1418 1685 1728 1763 veritate
1763 1682 1857 1756 ad
1908 1683 2280 1785 praefatos
2315 1678 2693 1754 Iohannem

558 1790 854 1865 Gallum
904 1806 978 1865 et
1015 1791 1316 1866 Petrum
1354 1789 1781 1873 accedendo
1822 1789 2126 1866 eosdem
2178 1786 2277 1862 ab
2321 1782 2693 1864 huiusmodi

523 1960 528 1965 ,
558 1896 1052 1998 occupatione
1086 1897 1409 2001 praefate
1446 1916 1665 1974 terre·
1694 1895 2056 1972 Remethe
2099 1913 2362 1997 vocate
2399 1920 2535 1968 nec
2570 1918 2693 1968 non

558 2005 1066 2107 peremtione,
1121 2021 1199 2080 et
1251 2003 1602 2083 seminari
1644 2001 1965 2078 factione
2021 2001 2356 2079 eiusdem
2397 1997 2693 2103 prohibe·

557 2126 687 2183 ant
729 2106 964 2184 verbo
1007 2128 1260 2223 nostro
1315 2129 1389 2186 et
1438 2109 1777 2214 posthinc
1831 2111 2055 2225 ipsius
2116 2109 2605 2210 Inquisitionis
2634 2119 2691 2178 et

558 2212 1080 2320 prohibitionis
1118 2217 1379 2293 seriem
1416 2216 1632 2303 nobis
1662 2241 1798 2292 suo
1827 2214 2051 2292 modo
2092 2215 2548 2299 rescribatis,
2594 2211 2692 2284 da·

559 2340 712 2398 tum
767 2314 846 2396 in
903 2321 1296 2425 Vysegrad
1357 2323 1543 2419 feria
1593 2321 1913 2399 secunda
1966 2320 2306 2425 proxima
2374 2336 2535 2395 ante
2596 2318 2688 2392 fe-

559 2446 753 2505 stum
806 2427 1004 2504 beati
1069 2430 1364 2506 Alberti
1423 2432 1821 2533 Episcopi,-
1893 2446 1969 2503 et
2021 2426 2485 2505 confessoris
2534 2447 2687 2500 anno

557 2535 866 2611 Domini
915 2536 1295 2611 millesimo
1356 2537 2079 2639 quadringentesimo
2143 2535 2492 2611 seeundo.
2568 2531 2688 2607 Nos

558 2642 796 2743 Igitur
823 2641 1306 2742 petitionibus
1352 2645 1610 2719 'vestris
1641 2642 2054 2720 satisfacere
2086 2647 2468 2747 cupientes
2500 2659 2687 2714 unum

395 2812 443 2852 .·
562 2773 657 2822 ex
692 2747 911 2822 nobis
955 2749 1298 2825 videlicet
1339 2752 1746 2851 Georgium
1792 2745 1885 2824 de
1923 2749 2210 2850 Asguth
2251 2750 2349 2823 ad
2385 2745 2689 2853 premissa

556 2851 1084 2955 transmisimus
1144 2858 1615 2958 exsequenda
1671 2858 1802 2960 qui
1851 2854 2155 2933 demum
2183 2855 2277 2930 ad
2322 2880 2453 2930 nos
2489 2872 2687 2927 rever-

563 2987 687 3035 sus
741 2959 1018 3035 retullit
1054 2988 1146 3037 eo
1199 2963 1424 3038 modo
1465 2962 1667 3065 quod
1715 2969 1871 3067 ipse
1911 2964 2005 3038 ab
2067 2961 2412 3038 omnibus
2438 2956 2686 3060 -quibus

558 3066 1013 3142 incubuisset
1050 3067 1435 3172 diligenter
1479 3070 1929 3173 inquirendo
1977 3067 2199 3143 talem
2239 3071 2553 3144 scivisset
2593 3084 2683 3131 ve·

401 3242 463 3262 ,,
558 3175 851 3249 ritatem
903 3174 1153 3278 itaque
1213 3196 1434 3279 prout
1491 3205 1712 3279 supra
1762 3179 1839 3251 in
1895 3177 2112 3250 dictis
2168 3176 2429 3250 litteris
2485 3183 2681 3244 vestre

558 3278 1104 3382 magnificentie
1156 3284 1625 3359 continentur
1679 3283 1775 3356 ita
1844 3280 2032 3357 facta
2091 3282 2522 3358 exstitissent
2573 3296 2680 3375 per

559 3388 852 3461 Gallum
904 3384 1310 3464 Johannem
1369 3406 1445 3463 et
1517 3388 1812 3464 Petrum
1852 3405 2337 3492 ‚praenotatos
2385 3383 2679 3482 factaque

558 3495 716 3596 ipsa
782 3494 1259 3595 inquisitione
1328 3493 1522 3571 idem
1596 3496 1959 3596 Georgius
2020 3513 2271 3570 noster
2339 3490 2677 3569 consocius

559 3593 933 3702 praefatos
984 3599 1166 3678 filios
1217 3602 1489 3677 Mathie
1554 3599 2045 3704 prohibuisset
2095 3597 2309 3676 factis
2356 3602 2428 3674 in
2493 3615 2677 3695 prae·-

559 3706 797 3781 missis
854 3704 1088 3783 verbo
1146 3725 1434 3802 vesti-0,
1494 3705 1743 3782 datum
1790 3704 1976 3781 feria
2026 3706 2348 3782 secunda
2388 3702 2675 3808 proxima

559 3828 728 3886 ante
760 3807 1573 3919 festum'Conceptionis
1598 3811 1872 3891 Christi
1920 3823 2112 3889 anno
2153 3809 2471 3918 ejusdem
2507 3824 2677 3910 prae·

560 3932 839 3993 notato.
1952 3928 1960 3935 ’

589 4082 596 4087 -
645 4048 963 4123 originale
1005 4048 1892 4110 Membranaceum'conservat
1927 4052 2085 4119 inter
2121 4043 2492 4129 Diplomatiei
2518 4037 2672 4100 cine·

748 4134 898 4193 lium
937 4128 1267 4215 repositum
1290 4133 1494 4196 Nicol.
1537 4135 1895 4218 Jankovich.
