2875 4842
633 402 791 505 248‘

524 639 878 716 Mer-bern
915 638 1096 714 nach
1128 637 1323 714 laute
1364 637 1517 712 und
1564 637 1820 739 ynhalt
1855 626 1998 711 det·¹
2038 637 2506 738 obgenanten
2550 664 2701 710 un-

512 744 677 824 ἐει-ε
712 744 1025 826 bruders
1068 744 1196 821 des
1249 742 1582 845 Kuniges
1637 773 1730 818 zu
1793 745 2097 845 Vngern
2162 743 2311 819 und
2368 746 2704 845 Herzogs

519 854 849 930 Johanns
887 855 1106 928 briue
1146 850 1400 927 furb'as
1435 862 1642 927 me’re
1675 853 1923 927 halten
1965 850 2115 924 und
2149 877 2247 949 yn
2304 848 2502 925 ouch
2557 877 2700 952 ge-

466 1026 482 1042 .
518 959 839 1039 wonlich
881 960 1232 1061 Huldung
1265 956 1470 1059 Eyde
1513 958 1673 1056 und*
1706 954 2003 1033 Giubde
2046 976 2176 1032 tun
2214 959 2316 1031 als
2349 959 2455 1032 sie
2511 957 2697 1030 den-

517 1065 801 1144 seliben
836 1092 1107 1141 vnsern
1133 1066 1463 1140 brudern
1501 1063 1646 1142 vnd
1686 1094 1816 1140 vns
1838 1065 2157 1139 vormals
2187 1083 2402 1168 getan
2436 1064 2697 1138 haben.

517 1176 662 1250 Mit
694 1175 984 1249 urkund
1024 1173 1139 1247 diz
1172 1172 1421 1248 briues
1482 1172 1823 1274 versigelt
1865 1173 2001 1246 mit
2046 1197 2316 1247 unsern
2365 1172 2698 1271 kunigli-

518 1281 707 1358 chen
744 1279 1102 1356 ‘Maies'tat
1156 1280 1491 1381 Insigele.
1555 1282 1818 1355 Geben
1911 1308 2000 1352 zu
2077 1280 2450 1381 Burgleins
2512 1278 2699 1352 nach

516 1387 845 1463 Christes
880 1388 1155 1489 geburt
1198 1388 1586 1463 dreizehen
1627 1388 1950 1462 hundert
1990 1385 2119 1459 Jat·
2161 1383 2310 1458 und
2361 1384 2697 1459 dot-nach

514 1498 592 1570 in
615 1494 784 1570 dem
818 1495 985 1570 aoht
999 1494 1444 1598 achtzlgsten
1471 1496 1643 1568 Jare
1673 1493 1803 1568 des
1825 1492 2128 1567 nehsten
2162 1491 2481 1591 Suntags
2507 1491 2697 1565 nach

442 1628 451 1639 ¹
511 1599 692 1676 saud
713 1605 753 1674 J
760 1599 1040 1677 ohanna
1076 1620 1238 1703 tage
1268 1601 1398 1676 des
1431 1602 1766 1679 Tewfers
1791 1627 2054 1674 unseri
2089 1598 2368 1673 Reiche
2408 1600 2538 1673 des
2565 1600 2697 1673 Be-

513 1707 986 1784 hemisehen
968 1737 1043 1782 m
1087 1709 1262 1783 dem
1317 1707 1540 1784 seehs
1562 1707 1715 1784 und
1743 1709 2303 1809 czweinzigsten
2358 1705 2507 1779 und
2558 1703 2691 1779 doe

509 1814 1013 1891 Romischen
996 1844 1070 1890 m
1114 1816 1285 1901 dem
1356 1815 1750 1892 czwolsten
1795 1817 2044 1890 Jaren.
2100 1813 2224 1886 Ad
2262 1812 2692 1886 mandatum

490 1918 664 1997 ⁴Dni
698 1924 919 2026 Regis
954 1924 1048 1999 Jo
1088 1964 1196 1981 -
1236 1919 1819 1998 cancellariu5.“
2173 1948 2178 1959 ·

590 2079 689 2140 Ex
722 2083 1025 2159 originali.
1084 2082 1256 2161 Apud
1308 2082 1517 2143 Gerke
1552 2086 1596 2144 l.
1639 2099 1694 2142 e.
1745 2101 1805 2159 p.
1854 2086 2128 2146 140-1,
2186 2068 2696 2158 oppignorationi

697 2214 841 2272 huie
866 2230 1230 2274 eonsensum
1264 2215 1546 2291 praebuit
1581 2216 1991 2275 Wenceslaus
2031 2214 2199 2292 Rex,
2239 2215 2509 2275 Joaunes
2550 2213 2692 2271 item

697 2335 893 2394 frater
931 2337 1084 2400 eius.
1128 2334 1396 2396 sodocus
1451 2332 1731 2394 Marchio
1777 2337 2100 2397 Morauiae
2159 2334 2688 2411 oppignerationis

696 2439 847 2516 suffe
896 2459 959 2514 in
1008 2457 1294 2518 Mai-chia
1349 2452 1893 2533 Brandeub‘urgica
1929 2455 2301 2514 dominatus:
2346 2454 2580 2514 Ibidem
2620 2473 2680 2531 p.

694 2573 840 2636 138.
886 2580 1028 2639 140.
1073 2580 1219 2637 142.
1266 2614 1352 2626 -
1395 2575 1584 2636 Nexu
1635 2576 1731 2634 rei
1783 2574 2086 2652 gerendae
2133 2573 2205 2632 ad
2246 2575 2471 2632 bellum
2511 2589 2688 2632 eom-

692 2700 941 2775 parato,
985 2715 1121 2755 cum
1153 2698 1494 2757 wladislao
1530 2698 1816 2758 Poloniae
1847 2714 2034 2773 rege,
2082 2700 2177 2772 qui
2219 2696 2475 2755 Petrum
2506 2696 2680 2756 Mol-

695 2816 907 2875 dauiae
940 2818 1333 2894 Waiuodam,
1397 2821 1460 2877 in
1517 2823 1860 2879 clientelam
1919 2839 2086 2881 suam
2137 2790 2457 2901 receperat
2515 2826 2684 2901 egit,

689 2940 867 3010 atque
920 2930 1195 2996 inducias
1262 2955 1297 2996 a
1356 2940 1594 2998 XXIX.
1658 2940 2036 3018 Septembris
2107 2932 2340 3005 annuae
2389 2948 2684 3009 confecit.

691 3057 1035 3127 'fratislatis
1076 3064 1134 3116 iu
1180 3057 1486 3135 Bosniam,
1525 3078 1634 3136 quo
1675 3065 1974 3123 coniunati
2029 3081 2098 3123 se
2115 3068 2523 3142 receperant,
2571 3080 2683 3123 co-

687 3184 871 3261 piia‚·
908 3188 1150 3258 castra,
1218 3200 1252 3243 e
1305 3186 1523 3258 quibus
1571 3187 1792 3262 predas
1843 3188 2105 3264 agebant
2138 3190 2558 3267 expugnauit,
2603 3188 2680 3251 de

688 3294 1135 3380 coniuratisque
1178 3310 1540 3384 supplicium
1572 3312 1830 3383 sumsit3
1877 3310 2175 3370 Lazarum
2224 3312 2492 3373 Raeciae
2545 3313 2683 3374 De-

687 3432 923 3503 epotam
939 3469 959 3503 ,
1002 3433 1344 3501 nutantem,
1391 3434 1612 3504 agente
1647 3429 1906 3489 Nicolao
1963 3429 2038 3489 de
2085 3432 2290 3505 Gara,
2335 3434 2513 3492 illius
2560 3450 2676 3509 ge·

686 3566 867 3628 nero,
918 3554 978 3610 in
1014 3554 1276 3628 pristina
1314 3551 1430 3611 fide
1462 3552 1856 3616 confirmauit.
1904 3553 2020 3613 Sed
2078 3555 2356 3629 quamdiu
2405 3558 2675 3618 Ioannes

688 3673 759 3734 de
792 3679 1037 3736 Palisna
1069 3680 1128 3736 in
1165 3678 1391 3737 Bosnia
1424 3680 1727 3754 superfuit
1752 3722 1767 3753 ,
1815 3680 1885 3738 ad
1929 3683 2201 3756 reliquos
2266 3686 2564 3747 factiosus
2620 3689 2675 3745 iu

686 3804 1085 3865 obedientiam
1130 3806 1511 3866 reducendos
1548 3853 1568 3883 ,
1643 3810 1950 3868 ineassum
2009 3814 2240 3869 tentata
2291 3796 2509 3872 emnia.
2576 3814 2669 3874 Cr.

523 3955 527 3960 ·
644 4014 649 4019 .
685 3928 1146 4005 Summemberg
1178 3947 1300 3990 rer.
1338 3932 1523 3992 siles,
1567 3933 1700 3991 Par.
1743 3933 1822 3992 11.
1868 3950 1926 4008 p.
1975 3931 2075 3993 81.
2109 3933 2484 3999 Kerehelieh
2513 3938 2672 3997 Risi.

688 4051 855 4114 Eecl.
902 4052 1170 4130 Zagrab.
1213 4071 1268 4129 p.
1313 4053 1459 4121 337.
1501 4107 1506 4115 .
