2875 4842
724 472 878 545 340

609 678 783 784 cobi
832 675 1172 784 Apostoli
1212 673 1555 781 proxime
1597 674 2082 779 praeteritum
2106 731 2129 767 ,
2198 675 2291 755 ad
2345 675 2589 757 faciem
2628 675 2726 754 di-

606 804 727 863 cte
762 784 1240 892 possessionis
1277 779 1580 883 Mykola
1601 783 1679 857 in
1709 780 2074 860 Comitatu
2090 783 2449 864 Barsiensi
2465 792 2725 864 existen·

606 895 739 986 tis,
792 892 1057 967 vicinis
1091 908 1169 968 et
1215 892 1765 982 commetaueis-
1800 887 2130 966 eiusdem
2186 895 2533 971 vainei-sis
2578 891 2724 968 inibi
2844 913 2847 964 1

604 997 936 1104 legitime
974 993 1400 1075 conuocatis
1431 1011 1508 1070 et
1549 994 2024 1096 presentibus
2070 985 2554 1093 accessissent,
2598 1000 2722 1074 ibi·
2846 997 2847 1026 ³

606 1132 758 1209 que
790 1104 988 1180 idem
1026 1097 1256 1180 homo
1280 1104 1549 1177 Vester
1566 1139 1595 1195 ‚-
1643 1120 1996 1206 presente
2037 1121 2296 1182 nostro
2357 1107 2719 1184 testimonio
2846 1173 2847 1178 ,

606 1209 950 1317 predicto
982 1266 1004 1304 ‚
1044 1199 1429 1316 'prefatum
1475 1213 1902 1312 magistrum
1946 1209 2358 1288 Ladislaum
2409 1216 2483 1289 in
2523 1213 2721 1288 domi-

499 1377 506 1382 .
600 1320 806 1395 nium
839 1317 1125 1422 prefate
1162 1313 1657 1419 possessionis.
1682 1314 2238 1411 introduxisset,
2271 1324 2721 1422 statuissetque

601 1423 914 1501 eandem
936 1423 1178 1502 eidem
1198 1421 1244 1494 J
1247 1443 1379 1500 ure
1396 1418 1537 1498 sibi
1555 1417 1984 1498 incunbenti
2003 1444 2367 1528 perpetuo
2384 1423 2720 1533 possiden·

600 1531 810 1624 dam,
864 1527 1073 1606 nulio
1113 1527 1403 1631 penitus
1440 1521 1993 1604 contradictore
2035 1529 2312 1610 ibidem
2348 1550 2719 1639 apparente,

600 1636 729 1713 vbi
778 1638 997 1713 etiam
1053 1632 1294 1712 tribus
1348 1627 1613 1710 diebus
1674 1635 2043 1713 continuis
2082 1661 2366 1715 moram
2421 1634 2722 1717 trahendo

425 1741 434 1748 “
525 1797 530 1802 .
600 1743 1216 1846 permansissent,
1269 1741 1481 1843 regni
1531 1731 2070 1818 consuetudine
2112 1749 2559 1850 requirente.
2599 1745 2722 1819 Da·

602 1865 762 1926 tum
823 1865 1090 1954 quarto
1147 1845 1267 1923 die
1326 1846 1627 1923 termini
1686 1851 2121 1954 praenotati.
2203 1856 2428 1931 Anno
2468 1848 2719 1930 Domini

604 1947 1208 2034 Mcccxcl-o.“
1647 1972 1655 1980 '
1706 2027 1715 2034 .

685 2079 738 2142 Ε
773 2083 1108 2142 transumto
1141 2079 1317 2157 regis
1350 2074 1728 2156 sigismundi
1757 2076 1833 2141 A.
1862 2079 2051 2145 1392.
2103 2089 2397 2150 emmae.
2434 2082 2509 2143 V.
2543 2080 2688 2141 inm

1435 2258 1933 2356 cxxxvm.

600 2405 799 2462 Hir-xa
834 2401 1098 2474 Vajuoda
1143 2397 1525 2470 Τνωιεαζοίω
1565 2402 1814 2474 priorem
1854 2421 2014 2460 suam
2056 2405 2581 2478 confoederationem
2619 2419 2713 2457 em
2844 2467 2845 2472 ἵ

789 2493 1111 2549 Wadielao
1144 2495 1296 2565 Rege
1326 2489 1601 2548 Polemios
1639 2494 1909 2548 aduersus
1938 2495 2144 2566 Regem
2193 2499 2521 2571 Hungan'aae
2551 2512 2716 2569 appro-

788 2581 885 2637 bat
918 2596 974 2638 es
1011 2580 1327 2650 confirmae.
1362 2580 1429 2638 A.
1472 2581 1632 2637 1391.

795 2696 1127 2771 Miz-icius
1195 2696 1333 2771 Dei
1411 2691 1646 2798 gratia
1713 2698 2152 2776 Woiewoda
2213 2702 2719 2807 Transalpinus,

605 2802 920 2905 Fogaras
958 2818 1033 2877 et
1074 2799 1324 2876 Omlas
1355 2803 1665 2897 Comes;
1716 2805 1945 2879 Tristi
1989 2806 2349 2887 Dominus
2403 2837 2485 2886 ac
2537 2808 2719 2884 terri-

606 2909 782 2987 torii
829 2905 1267 2986 Dobrodicii
1323 2910 1694 3013 Despotus
1736 2928 1877 2985 etc.
1933 2910 2448 3017 Significamus
2505 2913 2725 3020 quibus
2804 2999 2809 3004 ,

610 3013 914 3121 expedit
947 3015 1351 3108 vniuersis‚
1402 3014 1610 3117 quod
1654 3020 2038 3121 cupientes
2088 3021 2280 3096 inire
2317 3022 2600 3100 foedera
2629 3021 2721 3094 in-

611 3120 976 3200 uiolabilis
1006 3122 1367 3196 amicitiae
1406 3147 1577 3198 cum
1623 3118 2107 3203 serenissimo
2156 3128 2544 3235 Principe,
2593 3131 2725 3204 Do·
2832 3125 2845 3142 “

610 3233 815 3306 mino
851 3225 1220 3304 Vladislao
1257 3228 1466 3330 Rege
1499 3229 1848 3305 Poloniae
1888 3249 2023 3307 etc.
2076 3232 2173 3308 de
2213 3237 2580 3314 Bai-onum
2623 3255 2726 3306 no·

610 3354 933 3436 sti-orum
972 3333 1296 3410 vnanimi
1332 3335 1639 3420 consilio
1658 3337 2198 3417 ordinationem
2231 3339 2630 3421 huiusmodi
2648 3336 2730 3411 fe·

612 3446 848 3519 cimus
873 3497 895 3535 ‚
949 3441 1123 3518 alias
1157 3457 1380 3543 atque
1402 3444 1789 3543 'perpetuis
1823 3441 2120 3548 quidem
2174 3449 2619 3554 temporibus
2653 3439 2727 3518 ab

610 3567 921 3654 vti-aque
950 3566 1160 3653 parte
1194 3545 1591 3623 tenendam
1623 3565 1699 3624 et
1734 3550 2337 3653 irrefragabiliter
2366 3556 2725 3658 obseruan-
2842 3581 2843 3584 ¹

608 3654 818 3748 dam,
874 3654 1076 3758 quod
1124 3670 1612 3732 memoratum
1659 3656 2057 3734 Dominum
2098 3660 2570 3740 Wladislaum
2596 3661 2729 3734 Re-

604 3786 778 3864 gem
814 3776 971 3836 toto
1015 3779 1228 3839 nosto
1264 3784 1486 3864 posse
1532 3776 1757 3865 atque
1796 3768 2159 3867 potentia,
2214 3768 2391 3844 dum
2442 3785 2727 3845 nostrum

606 3865 960 3944 auxilium
1005 3868 1532 3968 postulauerit‚
1586 3894 1674 3944 ec
1710 3868 2040 3946 homines
2073 3871 2212 3947 sibi
2267 3876 2619 3951 subiectos
2650 3866 2727 3942 ab

604 3975 868 4051 insultu
906 3988 983 4050 et
1019 3971 1262 4048 hostili
1281 3976 1593 4054 ‚incursu
1623 3977 1850 4081 Regis
1886 3976 2347 4082 Hungariae,
2400 4006 2485 4058 ac
2537 3975 2726 4083 ipsius

604 4079 1070 4186 omagialium
1087 4128 1112 4170 ,
1143 4095 1225 4157 et
1256 4078 1766 4187 quorumlibet
1790 4080 2177 4164 bominum
2210 4088 2357 4168 sibi
2392 4088 2720 4167 subiecto·
