2875 4842
2057 425 2210 536 399‘
2253 570 2267 581 „

134 666 690 769 conditionibus
719 664 1307 751 moderaminum
1332 686 1409 748 et
1445 658 2056 759 continentiarum
2090 701 2309 779 prae-

130 780 528 882 rogatiuis,
559 802 647 854 ac
678 778 1008 881 articulis
1033 779 1739 884 omnibus'superius
1777 778 1853 855 in
1882 780 2309 857 earumdem
2412 824 2423 831 ›

131 886 511 960 literarum
551 882 934 961 tenoribus
963 883 1334 991 limpidius
1367 884 1794 990 explicatis,
1836 882 2270 965 innouantes
2287 900 2327 983 ,‘

129 989 900 1097 perpetuo-valituras
963 988 1519 1088 confirmamus,
1600 994 1999 1097 praesentis
2054 993 2310 1100 scripti

61 1156 65 1160 Α
131 1100 361 1175 nostri
395 1094 811 1202 patrocinio
849 1095 1264 1183 mediante„
1297 1104 1390 1179 Et
1428 1117 1508 1175 vt
1548 1095 1969 1174 huiusmodi
2017 1100 2310 1183 nostrae

71 1206 78 1215 ’
131 1203 709 1281 confirmationis
747 1223 823 1282 et
863 1204 1366 1285 ratificationis
1403 1205 1791 1282 decretum
1844 1205 2086 1284 eidem
2144 1208 2313 1282 Do-

129 1313 327 1390 mino
385 1312 658 1389 Joanni
712 1311 1304 1416 Archiepiscopo
1359 1330 1437 1390 et
1467 1321 1623 1417 ‘per
1677 1315 2308 1414 consequens-illi

130 1417 244 1494 vel
290 1419 481 1514 illis,
532 1440 665 1497 seu
721 1418 1100 1501 Ecclesiae
1171 1419 1375 1514 tali,.
1422 1420 1543 1495 cui
1609 1419 1739 1493 vel‘
1781 1420 2055 1520 quibus
2111 1418 2308 1498 dicta

129 1529 490 1630 possessio
517 1553 655 1631 per
686 1528 929 1631 ipsum
953 1528 1350 1602 Dominum
1382 1527 1429 1600 J
1431 1528 1749 1603 oannem
1792 1525 2309 1633 Archiepisco·

129 1659 301 1736 pum
330 1632 745 1737 legabitur,
800 1624 938 1710 aut'
962 1636 1436 1735 incorporata
1486 1630 1710 1709 fuerit
1746 1650 1817 1708 et
1855 1638 2301 1740 appropria·

33 1808 41 1818 .
99 1752 241 1833 ta,
292 1741 538 1817 robur
571 1740 907 1821 obtineat
950 1757 1353 1846 perpetuae
1388 1739 1790 1830 firmitatis,
1843 1765 1929 1817 ac
1983 1743 2053 1816 in
2121 1767 2305 1847 per-

129 1862 424 1948 petuum
460 1849 904 1943 inconcusse
933 1865 1409 1954 perseueret,
1464 1863 1889 1952 praesentes
1927 1851 2306 1927 concessi-

129 1976 279 2029 mus
318 1953 623 2046 literas,
669 1973 959 2032 nostras
997 1953 1490 2063 priuilegiales
1525 1952 1862 2033 similiter
1914 1952 2304 2056 pendentis

132 2074 198 2134 et
223 2060 630 2140 authentici
669 2062 881 2164 sigilli
914 2062 1149 2140 nostri
1191 2060 1559 2165 dupplicis
1612 2062 2020 2135 munimine
2064 2060 2303 2141 robo-

132 2183 324 2244 ratas.
378 2170 481 2245 Et
516 2187 598 2245 vt
631 2165 1025 2246 cuiuslibet
1051 2166 1488 2272 suspicionis
1524 2176 1657 2242 seu'
1695 2165 2185 2243 haesitationis
2225 2186 2303 2248 et

131 2273 616 2380 ambiguitatis
652 2274 904 2352 vitium
941 2275 1235 2382 penitus
1270 2275 1592 2363 enitent,
1648 2299 1840 2376 quae
1874 2299 1965 2347 ex
2002 2298 2094 2347 eo
2129 2274 2298 2351 for-

133 2380 319 2457 tassis
353 2381 884 2487 allegarentur,
944 2381 1120 2487 quia
1160 2382 1584 2485 praedictus
1622 2378 1945 2455 Joannes
1979 2376 2297 2458 Archie-

130 2488 459 2594 piscopes
501 2514 702 2566 nunc
724 2489 964 2567 officio
1004 2485 1578 2564 Cancellariatus
1614 2512 1697 2561 ac
1734 2489 2298 2565 conseruatione
2404 2568 2409 2574 ,

130 2593 329 2697 sigilli
361 2597 602 2673 nostri
637 2595 932 2675 maioris
973 2611 1047 2672 et
1077 2591 1484 2671 authentici
1527 2594 1888 2698 dupplicis
1932 2618 2296 2670 memora·

131 2698 181 2771 ti
232 2703 627 2804 praedictis
677 2703 1115 2813 fungeretur
1139 2756 1162 2796 ,
1213 2701 1450 2806 sigilla
1494 2700 1903 2776 authentica
1960 2703 2295 2776 virorum

129 2809 675 2910 magnificorum
721 2808 1030 2913 praefati
1091 2809 1387 2886 Domini
1448 2805 1861 2908 Leustachy
1914 2802 2007 2882 de
2060 2804 2252 2883 Ilsva
2273 2863 2297 2904 ,

129 2909 353 3016 Regni
398 2918 635 2992 nostri
673 2916 1033 3012 Palatini,
1090 2943 1231 2994 nec
1271 2944 1424 2992 non
1481 2915 1785 2991 Comitis
1841 2912 1889 2986 J
1904 2943 1954 2993 o
1979 2914 2296 3005 annis,

130 3012 249 3094 filii
295 3023 711 3121 Dominici,
749 3021 846 3099 de
885 3022 1232 3117 Pasztoh‚
1299 3018 1580 3098 Judicis
1622 3020 1894 3097 Curiae
1957 3038 2295 3116 nostrae,

129 3121 199 3197 in
237 3132 804 3229 praemissorum
846 3129 1538 3207 corroborationem
1584 3146 1662 3205 et
1715 3126 2021 3202 euidens
2077 3129 2301 3204 testi-

127 3238 499 3331 monium,
575 3238 667 3314 ad
726 3237 1266 3315 remouendum
1339 3233 1738 3313 cuiuslibet
1797 3232 2294 3333 ambiguitatis

127 3344 544 3446 scrupulum
569 3401 590 3439 ,
646 3316 880 3451 penses
909 3361 1415 3449 praetaxatum
1456 3340 1769 3444 sigillum
1807 3357 2139 3416 nostrum
2181 3335 2295 3415 fo·
2404 3388 2411 3395 -

126 3465 203 3518 re
233 3450 697 3554 apponenda.
754 3444 1026 3528 Datum
1068 3479 1206 3556 per
1244 3476 1508 3525 manus
1549 3448 1885 3525 eiusdem
1926 3470 2298 3522 reueren-

130 3544 392 3632 dissimi
421 3560 497 3645 in
533 3558 831 3637 Christo
876 3559 1106 3635 Patris
1146 3575 1222 3634 et
1251 3556 1593 3649 Domini,
1649 3551 2298 3655 Domini-loannis

128 3651 214 3729 de
246 3662 410 3765 ipsa'
438 3667 762 3761 Kanisa‘,
804 3664 1374 3769 Arcbiepiscopi
1419 3661 1790 3739 Ecclesiae
1825 3659 2296 3763 strigonien-

127 3760 213 3836 sis
239 3771 636 3871 antefatae,
693 3770 942 3850 dilecti
978 3774 1205 3848 nostri
1246 3789 1321 3846 et
1372 3768 1633 3847 fidelis.
1721 3766 1936 3841 Anno
1996 3767 2296 3842 Domini

69 3961 74 3965 ,
129 3862 616 3977 MOCCXCV.
661 3896 932 3984 quarto
977 3878 1215 3954 kalen.
1248 3877 1486 3954 Mens.
1522 3873 1995 3958 Decembris,
2057 3875 2296 3977 Regni

134 3992 362 4057 autem
393 3988 625 4064 nostri
656 4013 851 4062 anno
876 4012 1095 4061 non0.
1125 3980 1700 4061 venerabilibus
1743 3984 1816 4054 in
1842 3978 2131 4055 Christo
2156 3981 2294 4053 Pa-

142 4079 363 4166 tribus
405 4110 482 4170 et
520 4094 863 4171 Dominis
900 4086 1244 4197 praefatis
1279 4087 1679 4165 Valentino
1711 4087 2029 4163 Sanctae
2064 4084 2295 4160 Sabi-

149 4209 274 4266 nae
342 4194 572 4277 Sacro
626 4218 917 4278 sanctae
962 4201 1354 4279 Romanae
1412 4195 1791 4275 Ecclesiae
1865 4188 2296 4269 presbitero
