2875 4842
534 487 631 556 10

418 692 514 767 de
563 683 891 796 ἰώγα,
965 690 1097 794 qui
1151 689 1459 767 nomine
1514 686 1664 765 alio
1715 687 2052 767 Ernistus
2108 706 2216 768 est
2286 714 2634 792 vocatus,
2747 775 2770 801 f

420 799 539 874 hic
583 826 752 875 eum
797 795 1045 874 multis
1083 796 1442 874 militibus
1481 794 1664 872 adiit
1699 796 1775 871 in
1816 797 2313 901 Hungariam,
2372 834 2416 882 a
2464 806 2620 882 Co-

413 907 601 982 mite
639 904 993 995 Conrado
1042 905 1137 981 de
1174 902 1600 1009 Altenburg
1636 917 1868 979 ortus.
1946 904 2353 983 Hermanni
2406 938 2627 1018 gene·
2697 906 2706 917 '

417 1019 608 1089 ratio
647 1012 743 1090 de
779 1010 1234 1118 Nurimberg
1270 1013 1554 1105 oritur,
1612 1034 1785 1085 cum
1825 1009 2083 1115 regina
2127 1014 2330 1091 Kisla
2372 1020 2618 1095 intra-

421 1138 720 1198 uerunt.
818 1114 1192 1197 Comitum
1244 1145 1428 1196 vero
1484 1114 1819 1193 Simonis
1859 1124 1932 1193 et
1988 1114 2235 1197 fratris
2284 1125 2439 1201 eius
2480 1127 2625 1201 Mi-

420 1226 691 1302 chaelis
737 1227 1118 1329 generatio
1143 1283 1164 1321 ,
1239 1226 1373 1329 qui
1412 1221 2061 1301 Martinsdorffirii
2101 1232 2620 1325 nominantur,

421 1332 678 1410 diebus
721 1335 913 1435 regis
966 1334 1323 1426 Emerici,
1381 1330 1515 1408 filii
1575 1330 1793 1407 Belae
1838 1332 2077 1429 tertii,
2131 1359 2305 1411 cum
2368 1342 2621 1443 regina

421 1440 888 1534 Constantia,
946 1438 1092 1515 filia
1151 1441 1350 1544 rrgis
1418 1439 1882 1540 Aragoniae,
1942 1466 2135 1543 quae
2187 1434 2408 1521 onr
2463 1464 2619 1522 erat

421 1548 618 1651 regis
670 1548 1030 1651 Emeriei‚
1087 1547 1414 1626 honestis
1463 1569 1716 1623 seeum
1776 1545 2179 1643 militibus,
2233 1564 2310 1624 et
2350 1552 2621 1628 familia

420 1653 938 1730 decentissima
990 1653 1483 1747 introductis,
1558 1653 1632 1726 in
1702 1651 2158 1758 Hungariam
2211 1659 2630 1735 introiuit.·‘

419 1777 561 1838 ete.
604 1760 837 1839 Tbur.
888 1758 1064 1841 chr.
1113 1765 1187 1838 P.
1224 1760 1316 1837 ΙΙ.
1368 1762 1546 1865 Cap.
1586 1760 1691 1835 X.
1745 1786 1913 1864 sqq.
1960 1759 2221 1837 Simon
2272 1765 2370 1841 de
2414 1765 2618 1842 Keza

420 1896 492 1973 p.
545 1875 671 1944 76.
722 1892 892 1973 sqq.
971 1866 1490 1966 similite-1⁸
1554 1869 2181 1970 regnicolae:
2239 1872 2418 1948 tales
2460 1873 2616 1949 fue·

421 1995 626 2053 rant:
673 1974 756 2075 ·a)
811 1975 1016 2051 Slaui
1061 1974 1670 2078 Marabanenses3
1725 1974 2076 2051 militibus
2123 1981 2391 2081 captis,
2449 1980 2620 2057 No·-

417 2081 679 2160 bilium
727 2081 933 2177 filiis,
988 2085 1219 2178 „Dux
1258 2081 1521 2187 Arpad
1544 2137 1567 2175 ,
1606 2082 1915 2158 consilio
1949 2100 2026 2158 et
2063 2084 2418 2186 petitione
2454 2113 2622 2161 suo·
2679 2178 2690 2185 ἡ

419 2216 585 2266 rum
637 2189 1037 2281 nobilium,
1114 2206 1424 2295 accepto
1484 2190 1946 2281 iuramento,
2019 2187 2329 2266 donauit
2387 2206 2626 2267 terras

412 2294 843 2394 ‘in-diuersis
884 2296 1069 2377 locis
1094 2354 1114 2391 ,
1168 2324 1267 2374 ne
1309 2292 1709 2400 aliquando
1743 2293 2193 2374 infideliores
2234 2297 2449 2392 faeti,
2507 2326 2619 2374 re·

417 2402 811 2509 patriando
852 2420 1217 2480 nocerent
1258 2403 1394 2480 sibi
1440 2401 1778 2478 fidelibus
1808 2456 1835 2492 ,
1894 2402 1966 2476 in
2015 2403 2338 2480 confinio
2378 2403 2615 2481 Nitri-

416 2539 503 2587 ae
548 2508 1362 2588 babitantibus.“Belae
1389 2512 1488 2586 R.
1513 2510 1688 2585 Not.
1713 2511 1892 2613 Cap.
1918 2512 2308 2587 XXXVII.
2348 2514 2614 2606 „Tunc

418 2616 767 2707 Zuardu,
829 2639 907 2696 et
948 2618 1257 2710 Cadusa,
1316 2645 1456 2717 nee
1504 2640 1654 2691 non
1693 2615 1958 2706 Huba,
2012 2618 2324 2719 multum
2362 2646 2614 2725 popu-

420 2724 622 2818 lum,
673 2723 964 2800 blandis
996 2727 1245 2802 verbis
1280 2723 1419 2801 sub
1454 2720 1862 2799 dominium
1910 2720 2117 2799 ducis
2151 2725 2441 2831 Aspad,
2501 2728 2613 2799 si·-

417 2856 512 2906 ne
556 2820 755 2905 bello
818 2830 1395 2935 subiugauerant
1420 2890 1446 2924 ,
1507 2846 1586 2905 et
1632 2831 1826 2935 ipsos
1877 2855 2132 2905 secum
2185 2833 2256 2906 in
2305 2829 2608 2937 expedi·

418 2936 697 3015 tionem
732 2938 1188 3017 duxerunt.“
1244 2939 1453 3017 Idem
1495 2964 1656 3041 cap.
1701 2937 2064 3012 XXXIII.
2122 2936 2381 3031 „Slaui
2431 2938 2611 3014 Mo·-

415 3049 574 3121 raui
632 3044 1184 3123 multitudinem
1242 3049 1716 3147 Vngarorum
1777 3071 1925 3118 non
1967 3042 2331 3121 modicam
2389 3045 2479 3120 ad
2533 3072 2617 3122 se

278 3160 285 3183 ¹
413 3172 840 3253 sumserunt
875 3172 948 3227 et
986 3180 1213 3257 super
1261 3181 1396 3231 nos
1442 3152 1894 3229 Christianos
1934 3153 2615 3257 miserunt‚·atque

415 3261 558 3364 ipsi
599 3283 1245 3364 superuenerunt,
1302 3278 1373 3337 et
1425 3261 1609 3337 alios*
1660 3275 1917 3362 captos
1963 3257 2377 3344 duxerunt,
2432 3264 2614 3336 alios

415 3364 934 3442 oeciderunt.“
1010 3370 1149 3445 Lit.
1209 3370 1646 3474 Episcopor.
1693 3367 2042 3441 German.
2097 3366 2189 3442 ad
2236 3366 2609 3468 Joannem

417 3469 548 3551 lx.
594 3474 864 3577 Papam
902 3473 1086 3551 cod.
1144 3479 1338 3582 Dipl.
1380 3497 1591 3552 tomo
1624 3475 1679 3547 Ι.
1724 3501 1794 3575 p.
1832 3477 2013 3548 229.
2467 3488 2490 3503 ““

609 3578 713 3678 3).
775 3579 1152 3660 Nobilium
1215 3584 1589 3660 factorum
1640 3581 1923 3683 posteri
1973 3605 2060 3654 ac
2100 3604 2617 3658 successores:

415 3684 679 3762 borum
717 3690 1083 3792 primores
1130 3719 1283 3768 non
1317 3691 1703 3778 munitas,
1762 3713 1908 3763 nee
1941 3685 2222 3779 militia,
2276 3686 2408 3763 sed
2443 3690 2617 3763 vtri-

412 3818 566 3898 que
613 3794 1067 3899 reipublicae
1116 3798 1468 3904 praestita
1516 3798 1780 3873 merita
1837 3793 2371 3886 distinxerant,
2423 3820 2613 3901 pos-

411 3904 970 4005 sessionumque
1035 3903 1855 4009 fecerant-compote83
1913 3901 2093 3975 tales
2143 3896 2474 3978 fuerant:
2534 3897 2611 4000 a)

407 4010 524 4084 Ex
578 4011 781 4084 omni
819 4036 1094 4112 genere
1131 4007 1695 4114 indigenarum,
1770 4007 2147 4082 ciuiles:
2206 4006 2606 4097 „intraue-

410 4133 588 4191 runt
639 4142 943 4219 quoque
987 4120 1452 4225 temporibus
1499 4139 1640 4195 tam
1685 4111 2011 4191 Geicbae
2056 4113 2317 4208 Ducis,
2376 4143 2604 4220 quam

410 4224 721 4300 aliorum
764 4250 1020 4329 regum
1070 4227 1372 4317 Boe‘mi‚
1432 4224 1734 4315 Poloni,
1789 4220 2104 4313 Graeci,
2167 4218 2410 4315 Bessi,
2465 4224 2604 4299 Ar·
