2875 4842
649 438 744 505 58

246 700 279 723 .
534 652 801 749 campo
838 642 1163 748 vndique
1197 639 1381 734 fusi,
1460 637 1795 719 hostibus
1849 640 2125 718 acriter
2174 643 2731 732 insistentibus,

538 748 618 825 in
659 748 910 853 fugam
950 762 1511 825 conuertuntur.
1568 742 1864 847 Strages
1921 746 2007 823 fit
2074 752 2427 848 maxima5
2512 752 2729 829 multi

541 856 879 933 cecidere
941 883 1033 933 ex
1101 850 1472 955 Hungaris
1519 868 1592 926 et
1658 850 1872 933 multi
1914 856 2356 956 captiuitate¹
2403 860 2730 937 affecti.“

540 963 816 1038 Chron.
916 962 1305 1067 Thuroczii
1377 958 1449 1037 P.
1509 959 1637 1035 111.
1699 987 1854 1064 cap.
1919 959 2109 1036 VIII.
2200 964 2595 1041 Veniamus
2649 967 2732 1041 in

540 1071 918 1146 Bosniam:
979 1066 1183 1162 „Sed
1223 1065 1389 1164 quis
1426 1066 1911 1143 Bosnensium
1941 1073 2247 1147 astutiae
2281 1099 2357 1146 se
2399 1074 2732 1176 praefer-

541 1202 626 1253 re
669 1177 915 1251 valet?
973 1179 1161 1250 Cum
1196 1172 1717 1271 Hungarorum
1762 1174 1952 1248 vires
1989 1171 2288 1252 illorum
2348 1184 2733 1284 potentiae
2855 1202 2856 1207 ’

540 1309 635 1359 eo
675 1283 749 1357 in
801 1282 1203 1365 certamine
1257 1277 1497 1352 multo
1550 1282 1864 1365 maiores
1914 1302 2443 1382 cernerentur-3
2549 1313 2734 1363 mox

538 1386 643 1465 illi
683 1391 1043 1466 montium
1078 1415 1213 1492 per
1246 1387 1677 1478 cacumina,
1730 1387 1861 1491 qui
1907 1413 2004 1463 ex
2036 1388 2122 1463 iis
2168 1389 2257 1463 ad
2302 1391 2377 1469 id
2433 1398 2726 1471 consti-

541 1496 681 1570 tuti
718 1514 961 1592 erant,
1014 1510 1327 1588 stantes,
1361 1492 1464 1567 ita
1511 1489 1754 1587 docti,
1789 1492 2184 1598 Hungaros
2220 1493 2506 1600 fugere,
2551 1527 2733 1602 pro·

540 1600 955 1680 clamarent.
1008 1603 1217 1685 Haec
1254 1596 1404 1673 voxv
1439 1625 1772 1701 magnam
1831 1601 2197 1701 Hungaris
2247 1603 2478 1682 edidit
2531 1629 2733 1681 con-

490 1704 931 1789 ¹*fusionem
967 1702 1156 1785 Nam
1191 1734 1361 1785 cum
1396 1704 1700 1813 praedio
1749 1706 2056 1783 viriliter
2093 1711 2552 1801 insistet-unt,
2581 1711 2732 1789 hoc

537 1840 846 1892 rumore
885 1816 1180 1905 audite,
1237 1828 1523 1919 partem
1563 1811 1897 1918 ipsorum
1939 1813 2159 1916 fugae
2213 1815 2456 1897 datam
2511 1818 2728 1895 arbi·
2857 1894 2858 1907 ,

538 1925 754 2013 trati,
809 1949 1153 2029 campum
1195 1918 1664 2013 deserentes,
1705 1938 1928 2022 tergm
1952 1938 2364 2000 verterunt:
2410 1927 2732 2028 Propter
2823 1996 2832 2003 .

541 2026 748 2131 quod
779 2036 857 2106 et‘
887 2057 1224 2133 magnam
1260 2044 1578 2130 stragem
1613 2044 1687 2100 et
1711 2025 2061 2131 praedam
2093 2027 2203 2103 ibi
2241 2028 2536 2108 dedere.
2559 2030 2731 2108 Nec

539 2137 790 2212 Duces
827 2142 1003 2213 tanti
1042 2134 1351 2241 periculi
1383 2149 1728 2237 expertes
1758 2131 2087 2210 fuerant:
2132 2138 2317 2239 quin
2354 2139 2583 2243 aliqui
2616 2139 2728 2214 ibi

536 2244 778 2349 capti,
838 2243 962 2318 alii
1005 2242 1449 2346 perempti.“
1499 2238 1689 2315 Ibid.
1725 2264 1885 2346 cap.
1925 2236 2128 2316 XVI.
2163 2240 2481 2321 Bellicos
2517 2246 2725 2320 Hun-
2779 2262 2784 2271 ‘

536 2376 888 2453 garorum
919 2374 1007 2425 ac
1043 2351 1455 2426 Turcarum
1488 2358 1880 2451 apparatus
1906 2372 2459 2453 comparemus:
2533 2349 2723 2446 „Si-

535 2458 1004 2561 gismundus·,
1059 2459 1227 2534 Rex
1260 2473 1550 2533 creatus
1590 2457 2101 2531 Romanorum
2127 2511 2150 2549 ,
2180 2460 2253 2532 vi
2293 2478 2445 2533 non
2483 2455 2724 2533 modi-

537 2589 625 2638 ca
667 2580 1114 2639 armatorum
1151 2558 1513 2650 conflata,
1569 2587 1825 2640 rursus
1867 2561 2063 2637 vires
2092 2564 2513 2640 Turcorum
2562 2584 2725 2641 ten-

537 2687 693 2745 tare
731 2695 1116 2773 aggressus
1154 2686 1308 2745 est:
1377 2692 1782 2769 arcemque
1831 2667 2282 2744 Galambocz
2332 2688 2672 2747 vocatam
2698 2728 2723 2766 ,

536 2777 681 2851 alta
719 2779 796 2851 in
841 2777 1003 2878 ripa
1049 2800 1270 2878 supra
1318 2772 1713 2850 decursum
1768 2748 2137 2864 Danulaii,
2206 2777 2579 2854 Rasciano
2637 2780 2724 2853 in

535 2907 714 2985 agro
753 2882 964 2956 sitam
990 2937 1012 2977 ‚
1069 2896 1504 2990 tempestate
1547 2876 1805 2956 eadem
1843 2881 1984 2956 illis
2022 2881 2391 2959 subditam
2418 2939 2446 2981 „
2513 2885 2714 2961 mul·
2775 2952 2782 2959 .

537 3008 617 3065 to
653 2987 896 3064 milite
944 2991 1193 3065 cinxit.
1274 2985 1746 3065 Dimicabant
1798 2990 2092 3091 vtrique
2147 2980 2396 3067 hostes
2452 2992 2722 3086 simul,

534 3122 621 3174 ac
664 3121 959 3199 semper
1020 3094 1627 3203 sigismundanae
1686 3122 1780 3173 co
1835 3099 1945 3171 iae
1992 3096 2412 3202 superiores
2463 3112 2722 3193 erant3

535 3203 777 3280 donec
821 3202 945 3279 ille
979 3202 1250 3281 Caesar
1285 3204 1706 3279 Turcorum
1812 3202 2237 3306 halapinus,
2293 3206 2721 3310 oppressio·

535 3336 633 3386 ne
675 3338 977 3388 suorum
1018 3310 1523 3415 propulsatus,
1595 3307 1867 3385 bellico
1931 3328 2287 3413 apparatu
2345 3339 2520 3389 cum
2586 3311 2722 3384 in-

535 3418 736 3520 genti
769 3420 1066 3494 veniens
1092 3475 1115 3513 ,
1169 3442 1347 3525 rege
1383 3414 1607 3491 hostis
1638 3415 2024 3521 potentior
2067 3420 2265 3493 visus
2317 3435 2447 3493 est.
2502 3418 2718 3509 Qua-

533 3540 848 3626 propter
888 3527 1052 3601 Rex
1093 3533 1295 3629 ipse,
1347 3540 1520 3629 post
1558 3549 1708 3597 non
1742 3520 2106 3597 modicam
2152 3549 2457 3602 suorum
2485 3521 2720 3621 vndi-

535 3656 686 3733 que
725 3626 1264 3711 decertantium
1309 3650 1667 3733 stragem,
1726 3655 2068 3734 campum
2105 3625 2496 3726 deserens,
2555 3631 2718 3705 Da·-

533 3732 848 3811 nubium
906 3741 1234 3831 transiit,
1293 3757 1368 3816 et
1415 3736 1751 3813 hostilem
1798 3738 2035 3815 euasit
2085 3742 2461 3813 manum.“
2519 3733 2712 3815 thid.

536 3865 697 3948 cap.
749 3844 959 3919 XHI.
997 3844 1468 3949 Disciplinam
1505 3861 1919 3945 spectemus
1954 3844 2029 3917 in
2068 3842 2483 3921 Tt‘idssrew:
2537 3844 2718 3937 „At-

533 3947 752 4026 berto
782 3957 978 4055 regis
1016 3977 1212 4027 anno
1267 3951 1592 4029 secundo
1657 3952 1913 4054 ingens
1981 3948 2175 4024 fama
2220 3950 2708 4047 exuberauit‚

452 4050 458 4059 '
534 4056 741 4160 quod
780 4053 1259 4153 Amurathes,
1313 4061 1729 4134 Turcorum
1791 4056 2098 4149 Caesar,
2158 4082 2501 4159 magnam
2534 4066 2764 4136 suae‘

533 4165 774 4267 gentis
804 4167 954 4243 vim
988 4167 1362 4259 mouisset,
1416 4190 1878 4271 regnumque
1897 4163 2322 4269 Hungariae
2353 4164 2712 4243 inuadere
