2875 4842
632 419 785 491 584

520 632 660 710 rita
719 625 1049 707 fidelium
1104 644 1532 706 nostrorum
1581 630 1871 705 sinicere
1924 624 2385 708 dilectorum.
2447 631 2738 710 Reve-

521 734 738 814 rendi
785 738 859 811 in
897 737 1057 811 Xto
1090 736 1321 838 patris
1358 737 1660 811 Domini
1686 728 2040 835 Stephani
2085 732 2436 840 Episcopi
2476 741 2735 812 Tran-

523 845 777 920 siluan.
813 868 955 919 neo
1010 871 1163 918 non
1210 839 1524 928 Ladislai
1566 840 1886 918 filiorum
1932 845 2251 919 Emerici
2301 841 2397 919 de
2447 847 2731 948 Upon

522 952 795 1053 quibus
835 949 972 1052 ipsi
1007 977 1047 1022 a
1081 951 1517 1052 'longinquis
1558 942 2017 1053 temporibus
2042 1006 2062 1040 ‚
2143 967 2536 1053 postquam
2596 951 2736 1025 di·-

523 1063 692 1132 vina
746 1056 958 1134 uobis
1007 1054 1467 1144 concedente
1524 1056 1909 1133 clementia
1948 1056 2257 1152 solium,
2314 1075 2382 1130 et
2417 1057 2732 1159 guber-

522 1163 783 1240 nacula
821 1159 1176 1261 praedicti
1221 1165 1458 1262 Regni
1499 1166 1729 1242 nostri
1767 1162 2145 1265 Hungarie
2188 1161 2503 1240 feliciter
2537 1163 2732 1239 ade·

520 1273 630 1374 pti
671 1271 979 1360 fuimus,
1038 1271 1262 1346 veluti
1299 1273 1590 1346 sincere
1632 1267 1991 1344 fidelitatis
2033 1268 2389 1346 zelatores
2437 1277 2732 1349 nostris

519 1378 792 1454 votiuis
827 1375 1221 1454 desideriis»
1251 1402 1328 1455 se
1381 1370 1740 1452 continuo
1772 1375 2396 1480 obtemperantes,
2449 1381 2538 1453 In
2592 1406 2722 1453 va·

519 1486 645 1560 riis
689 1485 996 1576 nostris,
1033 1501 1130 1572 ,et
1159 1482 1517 1587 praedicti
1570 1485 1809 1584 Regni
1865 1481 2096 1558 nostri
2147 1483 2523 1588 Hungarie
2593 1515 2719 1560 ar-

432 1583 443 1592 ⁰
519 1589 682 1667 duis
721 1615 1083 1692 negocys,
1157 1607 1234 1666 et
1287 1589 1544 1668 validis
1608 1586 1947 1691 agendis,
2019 1588 2236 1692 sicuti
2278 1595 2714 1696 prosperis,

519 1698 628 1774 sic
662 1714 739 1772 et
781 1697 1148 1791 adversis,
1181 1695 1456 1774 nedum
1495 1724 1631 1800 per
1663 1695 2138 1771 laudabilium
2174 1701 2578 1773 constantis
2626 1696 2710 1773 fi-

492 1800 838 1890 delitatis
880 1830 1195 1927 operum
1228 1806 1620 1879 efficaciam
1645 1859 1667 1896 ,
1723 1831 1982 1879 verum
2021 1804 2241 1879 etiam
2279 1806 2462 1878 mira
2522 1831 2710 1881 con·

518 1910 660 1985 silii
698 1927 1115 1995 maturitate
1141 1965 1164 2002 ,
1200 1927 1277 1985 et
1314 1909 1692 2009 diligentia
1733 1908 2072 2015 pervigili
2107 1910 2180 1983 in
2221 1908 2529 1988 diversis
2561 1930 2714 1987 tra-

517 2018 830 2093 ctatibus
866 2019 1077 2119 regni
1105 2073 1129 2107 ,
1183 2036 1264 2093 et
1297 2015 1838 2120 regnicolarum
1887 2033 2318 2094 nostrorum
2370 2043 2705 2094 commo-

519 2120 697 2198 dum
731 2141 808 2200 et
843 2124 1259 2228 profectum
1296 2148 1596 2199 summev
1621 2122 2111 2227 tangentibus,
2143 2124 2283 2201 sub
2319 2123 2705 2200 diuersita-

521 2245 595 2304 te
630 2231 965 2308 locorum
989 2285 1013 2322 ‚
1056 2247 1131 2305 et
1163 2248 1618 2333 temporum.
1677 2230 1767 2308 Et
1802 2233 2174 2330 signanter
2208 2232 2542 2337 praefato
2566 2231 2703 2305 La-

517 2332 753 2415 dislao
793 2339 988 2414 inter
1028 2337 1167 2411 alia
1204 2338 1278 2411 in
1322 2334 1610 2411 duabus
1645 2337 2238 2440 expeditionibus
2285 2337 2699 2414 exercitua-

517 2442 750 2537 libus,
804 2462 1064 2520 contra
1096 2445 1473 2547 inpiorum
1519 2444 1938 2542 Tui-corum
1984 2441 2162 2540 dicti
2193 2446 2431 2550 Regni
2459 2444 2698 2521 nostri

520 2548 930 2651 Hungarie,
961 2570 1035 2627 et
1063 2569 1486 2629 nostrorum
1525 2552 1940 2628 emulorum
1972 2574 2060 2624 ac
2100 2556 2339 2628 crucis
2374 2551 2511 2628 Xti
2538 2576 2700 2656 per-

520 2667 946 2734 secutorum
981 2656 1398 2734 morbidam
1450 2654 1775 2747 rabiem,
1832 2657 2267 2734 instauratis,
2348 2660 2431 2733 In
2498 2687 2700 2761 qua-

435 2757 439 2762 ’
516 2790 686 2839 rum
725 2790 866 2838 una
901 2764 978 2838 in
1020 2763 1401 2865 Turltyam
1459 2790 1595 2869 per
1651 2762 1950 2840 eosdem
1999 2762 2285 2841 Tui-cos
2342 2762 2696 2841 abducto.

518 2865 864 2945 Secunda
901 2895 1079 2946 vero
1109 2871 1448 2946 similiter
1486 2896 1624 2972 per
1658 2869 1961 2949 eosdem
1999 2869 2286 2947 Turcos
2350 2872 2425 2947 in
2483 2898 2699 2973 prae·

463 3032 468 3046 .
519 2972 724 3051 dicto
761 2979 1021 3079 Regno
1050 2993 1312 3053 nestro
1362 2978 1603 3051 Bozne
1637 2977 1939 3055 detento
1962 3035 1980 3062 ,
2037 3002 2124 3051 ac
2155 2976 2359 3053 dirae
2392 2980 2700 3082 captivi·

517 3084 690 3159 tatis
744 3085 1268 3186 mancipiatum
1322 3084 1704 3160 incurrere
1763 3110 1915 3160 uon
1961 3102 2389 3177 recusante,
2448 3087 2695 3187 prouti

519 3189 743 3265 etiam
780 3216 1022 3281 nunc,
1074 3191 1344 3296 inipso
1381 3191 1649 3298 Regno
1703 3208 1961 3269 nostro
2018 3191 2276 3268 Boane
2332 3220 2470 3296 per
2515 3220 2694 3270 nou·

514 3296 760 3370 nullos
792 3318 1082 3372 nostros
1113 3299 1394 3373 emulos
1423 3295 1656 3401 procli
1680 3295 1901 3374 dolor
1922 3301 2201 3374 vinctus
2233 3313 2554 3390 tenetur,
2587 3327 2694 3374 sa-

491 3403 605 3477 .tis
638 3402 844 3497 dire,
903 3403 1651 3509 plurimorum'etiam
1707 3430 2012 3482 suorum
2068 3430 2415 3484 carorum
2478 3406 2694 3485 fami-

514 3506 853 3605 liarium,
909 3508 1289 3586 crudelem
1332 3525 1651 3611 stragem
1678 3558 1702 3603 ,ς
1756 3525 1843 3587 ac
1882 3512 1961 3586 in
2000 3511 2510 3615 captiuitatem
2567 3510 2696 3588 du-

511 3615 885 3706 ctionem,
940 3643 1080 3692 nec
1121 3644 1268 3691 non
1316 3642 1658 3719 magnum
1698 3643 1954 3694 rerum
1994 3615 2344 3712 suarum,
2418 3637 2495 3693 et
2568 3620 2699 3695 bo-

510 3746 782 3797 norum
828 3724 1331 3814 amissionem,
1385 3722 1694 3799 minime
1726 3721 2181 3803 advertente.
2239 3720 2395 3799 Sed
2439 3750 2521 3801 se
2549 3752 2696 3829 pro

509 3829 750 3903 nostri
788 3831 969 3931 regii
1005 3828 1308 3907 honoris
1341 3828 1843 3922 exaltacione,
1899 3856 1988 3907 ac
2041 3831 2246 3932 regni
2292 3848 2371 3908 et
2414 3832 2697 3938 Regni·

508 3936 840 4012 celarum
870 3952 1292 4013 nostrorum
1334 3937 1648 4044 tuitione
1683 3932 1995 4013 fideliter
2037 3954 2114 4015 et
2149 3938 2517 4042 intrepide
2569 3966 2693 4014 ex·

506 4068 816 4145 ponens.
871 4041 1140 4146 Neque
1187 4067 1504 4145 persone
1547 4041 1905 4142 periculi,
1964 4041 2446 4120 nilvererum
2476 4044 2687 4120 dam-

505 4150 631 4256 pni
664 4166 1021 4243 curante,
1067 4147 1487 4225 celsitudini
1523 4165 1818 4243 nostre,
1856 4146 1954 4227 'et¹
1993 4172 2202 4228 sacre
2262 4151 2488 4257 ipsius
2540 4155 2691 4231 Re-
