2875 4842
2016 434 2172 511 649

87 636 318 717 fideli
345 656 602 719 nostro
622 637 1018 743 Magnifice⁵
1051 640 1124 715 G
1145 665 1376 743 e‘org
1398 641 1425 716 i
1445 668 1494 718 o
1525 618 1572 717 d
1592 667 1635 719 e
1668 642 1801 719 Ro
1820 664 1924 742 ις
1945 652 2069 717 o'n
2104 642 2166 717 C
2188 668 2281 721 o-

84 749 329 823 miti
389 747 988 826 Posoniensi·
1022 767 1103 823 ut
1159 750 1318 850 ipse
1356 748 1559 843 -illas
1596 750 1995 844 moniales,
2086 776 2280 852 quae

86 881 192 929 se
225 853 327 929 ob
365 873 643 930 metum
679 855 1139 956 Huzytarum
1185 852 1277 931 de
1323 855 1467 933 boc
1508 856 1677 931 loco
1731 855 1827 929 ad
1890 854 2307 932 Civitatem=

87 980 441 1039 nostram
481 962 997 1037 Posoniensem
1040 959 1563 1057 reduxerunt,
1592 979 2043 1053 moraturas,
2099 990 2283 1038 rur-

87 1093 275 1143 sum
319 1068 410 1141 ad
448 1067 631 1142 hanc
672 1071 1058 1143 Civitatem
1099 1067 1190 1142 ad
1232 1095 1488 1144 earum
1536 1069 1839 1172 pristina
1872 1067 2280 1147 habitacula

87 1172 492 1283 remittere
534 1173 801 1248 debeat
833 1194 906 1248 et
938 1174 1344 1250 destinare·
1326 1229 1346 1267 ‚
1402 1173 1589 1249 Ideo
1627 1174 1956 1249 fidelitati
1993 1193 2281 1251 vestrae

89 1278 202 1353 fir
187 1272 516 1355 ·missime
556 1278 976 1355 mandantes
1021 1284 1548 1384 praecipimus.
1600 1300 1963 1378 quatenus
1992 1284 2231 1355 statim
2255 1337 2278 1374 ,

91 1387 284 1461 visis
326 1387 829 1490 praesentibus
865 1391 1061 1462 iuxta
1099 1382 1655 1490 requisitionem
1692 1387 1994 1491 praefati
2022 1387 2299 1483 Comi-‚

95 1499 210 1569 tis
249 1494 586 1596 Georgii,
643 1497 1009 1571 annotatis
1037 1496 1476 1569 monialibus
1507 1492 1600 1569 de
1642 1494 1983 1568 curribus
2023 1507 2101 1569 et
2133 1494 2283 1568 ani-

93 1598 425 1673 malibus
483 1604 556 1673 in
612 1617 688 1672 et
748 1624 972 1701 super
1022 1601 1292 1700 quibus
1346 1601 1548 1704 ipsae
1602 1599 1957 1677 moniales
2000 1602 2150 1674 huc
2187 1598 2282 1675 ad

95 1710 432 1805 ipsarum
471 1708 778 1807 pristina
819 1705 1226 1781 habitacula
1251 1760 1272 1795 ‚
1317 1706 1632 1799 conduci
1670 1708 1987 1809 possint,
2042 1703 2295 1789 modis.

103 1810 462 1887 omnibus
509 1813 665 1885 sine
733 1839 987 1886 recusa
1042 1812 1385 1916 aliquali,
1461 1812 1851 1917 providere
1906 1812 2285 1905 debeatis,

101 1943 320 1993 secus
363 1921 636 2021 gratiae
670 1934 962 1993 nostrae
995 1919 1136 1995 sub
1172 1922 1484 1997 obtentu
1518 1919 1761 1995 facere
1807 1938 1953 1994 non
2011 1920 2279 1994 ausuri.

104 2027 385 2100 Datum
435 2026 850 2124 Tyrnaviae
901 2025 1079 2101 feria
1135 2046 1338 2102 sexta
1396 2043 1564 2130 post
1616 2025 1699 2100 Β.
1758 2025 2061 2114 Joannis
2113 2042 2287 2101 ante

105 2135 412 2208 Portam
451 2131 821 2229 Latinam,
876 2132 1306 2231 Regnorum
1352 2151 1773 2209 nostrorum
1810 2158 1895 2207 ac
1950 2132 2278 2233 Hungar.

108 2256 256 2314 etc.
286 2238 553 2311 XLIX.
581 2188 1086 2312 Romanorum
1124 2239 1372 2313 XXV.
1418 2235 1801 2313 Bobemiae
1832 2239 2283 2360 XV.1mp·e-

107 2347 208 2422 rii
246 2369 430 2417 vero
463 2343 810 2418 secundo.
874 2342 1203 2418 Providis
1241 2345 1529 2432 Judioi,
1581 2347 1890 2434 Juratis,
1949 2345 2284 2419 caeteris-

111 2478 266 2556 que
311 2448 609 2524 Civibus
640 2468 714 2525 et
753 2450 1228 2552 Hospitibus.
1304 2469 1598 2524 nostiae
1659 2449 1990 2524 Civitatis
2045 2449 2282 2523 Poso-

109 2559 387 2635 niensis
419 2553 758 2641 fidelibus
785 2555 996 2633 nobis
1019 2559 1304 2633 sincere
1325 2556 1631 2631 dilectis.
1672 2557 1753 2631 L.
1772 2557 1850 2631 S.
1892 2559 1964 2629 in
2000 2554 2283 2630 Chatta.

310 2661 444 2738 Ad
488 2662 1004 2766 Georgium
1040 2665 1575 2766 deRozgon
1620 2662 2093 2755 Comitem
2135 2662 2284 2735 Po·
2394 2690 2398 2694 *

116 2772 479 2848 sonien.
515 2767 1037 2872 Sigismuudus
1083 2790 1224 2845 etc.
1276 2788 1354 2845 ut
1397 2797 1666 2872 supra:
1744 2768 2136 2872 Magnifice
2188 2766 2285 2841 fi-

118 2879 303 2954 delis
346 2875 563 2951 nobis
603 2882 884 2953 sincere
929 2877 1228 2952 dilecte!
1289 2875 1492 2952 Tuae
1534 2874 1865 2953 fidelitati
1904 2876 2288 2959 committi-

118 3010 285 3061 mus
310 3039 332 3077 ,
388 3002 746 3082 quatenus
775 2983 933 3057 illas
967 2985 1318 3063 moniales
1342 3041 1364 3077 ,
1417 3010 1636 3058 nunc·
1660 2982 2008 3059 Posonii
1988 3009 2061 3054 m
2102 2983 2288 3054 Coe·

118 3088 352 3170 nobio
405 3088 847 3165 Monialium
911 3092 1347 3184 existentes,
1422 3115 1613 3191 quae
1673 3088 1767 3164 de
1808 3085 1942 3163 bac
1978 3086 2293 3163 Civitate

120 3215 374 3276 nostra
410 3196 896 3299 Tyrnaviensi
945 3197 1047 3271 ob
1083 3216 1357 3272 metum
1402 3197 1904 3298 Huzytarum‚
1938 3220 2013 3269 se
2046 3193 2138 3269 ad
2181 3192 2294 3268 ci·

120 3308 428 3381 vitatem
466 3319 794 3377 nostram
833 3305 1349 3407 posoniensem
1412 3303 1904 3396 reduxerant,
1955 3317 2291 3375 moratu-

119 3438 261 3503 ras,
301 3412 596 3485 rursum
632 3409 720 3483 ad
747 3409 936 3484 banc
961 3409 1360 3486 Ciuitatem
1402 3410 1982 3533 Tyrnaviensem
2018 3406 2107 3480 ad
2140 3405 2291 3509 pri·

121 3522 312 3595 atina
352 3518 633 3593 scilicet
664 3542 917 3592 earum
950 3514 1363 3592 habitacula
1409 3520 1784 3593 remittere
1838 3515 2106 3590 debeas
2146 3512 2309 3588 bow

119 3624 427 3704 noi-ifice
476 3642 550 3698 et
591 3625 966 3699 decenter.
1038 3624 1551 3699 Mandavimus
1609 3640 1857 3697 autem
1917 3621 2164 3695 Judici
2217 3636 2293 3695 et

120 3732 390 3807 Juratis
425 3730 724 3808 Civibus
756 3733 980 3832 ipsius
1034 3748 1329 3806 nostrae
1369 3728 1719 3804 'Ciuitatis
1780 3729 2292 3819 posoniensis,-

125 3857 209 3915 ut
238 3840 370 3941 ipsi
414 3838 506 3913 de
531 3837 923 3914 curribus
902 3862 1091 3939 ipsas
1125 3836 1493 3912 moniales
1506 3835 1651 3910 buc
1695 3835 2119 3911 conducere
2169 3832 2293 3907 de·

123 3943 465 4022 bentibus
505 3963 579 4020 et
613 3940 1094 4018 animalibus
1075 3971 1274 4047 ipsos
1310 3942 1582 4017 Currus
1618 3941 2108 4034 trahentibus,
2165 3943 2293 4013 eis-
2312 4008 2319 4025 ,

131 4052 295 4129 dem
324 4051 764 4131 monialibus
799 4048 955 4124 sine
989 4074 1251 4127 recusa
1274 4051 1565 4151 aliquali
1607 4050 1924 4125 debeant
1953 4044 2294 4150 provide·
2312 4050 2320 4069 ¹

130 4186 212 4237 re
233 4212 259 4249 ‚
296 4160 424 4260 qui
465 4158 528 4235 si
564 4160 639 4233 in
674 4156 783 4235 hia
818 4154 1171 4233 faciendis
1211 4156 1440 4271 tepidi
1475 4156 1795 4251 fuerint,
1832 4156 1948 4227 Tu
1988 4178 2116 4231 eos
2160 4171 2293 4226 uo-
