2875 4842
678 455 828 535 574

492 657 503 668 ’
556 668 735 744 dem
797 683 994 743 terra
1042 685 1084 741 a
1134 661 1470 770 partibus
1519 661 1864 743 orientali
1924 664 2408 758 occidentali,
2481 680 2566 739 et
2620 690 2746 739 se·

552 769 1063 881 ptemtrionali
1123 790 1323 849 terre
1394 788 1744 847 annotate
1797 774 2278 875 “possessionis
2355 770 2635 864 Ozlar,
2705 797 2746 842 a

554 896 767 986 parte
826 893 1073 955 autem
1139 877 1603 955 meridionali
1653 896 1854 955 terre
1911 873 2388 983 possessionis
2448 875 2746 982 Zeplak

500 1025 505 1030 ·
557 986 875 1090 Capituli
958 984 1281 1061 Ecclesie
1374 983 1949 1090 Vesprimiensis
2037 985 2744 1078 conterminat-etur.

473 1081 495 1160 .'
524 1093 742 1172 ,Item
803 1107 1031 1169 metas
1085 1087 1413 1168 eiusdem
1471 1090 1831 1195 particule
1885 1110 2088 1168 terre
2156 1089 2353 1167 dicte
2402 1090 2756 1167 Ecclesia

553 1197 918 1276 lindensis
985 1197 1129 1273 lioc
1199 1193 1466 1274 ordine
1531 1211 2030 1303 separassent,
2105 1195 2316 1301 'quod
2374 1197 2761 1301 inciperet

554 1306 765 1382 iuxta
823 1307 1068 1381 vineas
1124 1302 1482 1404 quasdam
1547 1331 1591 1398 a
1651 1321 1856 1409 parte
1916 1304 2371 1379 meridionali
2439 1306 2515 1379 in
2595 1301 2757 1378 fine

553 1409 887 1516 ejusdem
924 1409 1198 1515 jugeris
1239 1426 1443 1488 terre
1487 1408 1619 1485 ubi
1655 1438 1697 1485 a
1734 1409 1944 1515 parte
1987 1408 2424 1486 occidentali
2463 1428 2758 1486 metam

555 1534 873 1594 terream
913 1520 1336 1594 erexissent.
1404 1516 1501 1593 Et
1532 1514 1798 1592 abhinc
1842 1516 1932 1591 ad
1967 1534 2254 1620 partem
2303 1517 2754 1594 orientalem

553 1624 838 1700 directe
896 1647 1035 1729 per
1080 1621 1361 1699 bonum
1416 1626 1733 1727 spatium
1784 1624 2036 1698 eundo
2094 1624 2615 1729 pervenissent
2655 1619 2751 1696 ad

552 1727 933 1833 quoddam*
980 1757 1013 1804 s
1067 1731 1348 1807 inetum
1398 1734 1472 1806 in
1515 1727 1784 1806 eodem
1829 1748 2100 1805 metam
2137 1748 2457 1807 terream
2501 1726 2750 1805 fecis-

552 1850 759 1932 sent,
811 1836 984 1912 dein
1039 1861 1083 1913 e
1148 1834 1243 1910 ad
1296 1854 1583 1940 partem
1638 1836 2193 1915 meridionalem
2247 1838 2447 1912 inter
2500 1853 2749 1912 teri-as

552 1943 868 2019 arabiles
923 1967 1233 2046 parvum
1289 1945 1606 2049 spatium
1658 1941 1905 2019 eundo
1944 1944 2348 2047 attigissent
2384 1941 2746 2018 arborem

551 2047 626 2125 N
631 2053 782 2126 ucis
818 2048 1301 2152 subtusquam
1364 2066 1639 2125 metam
1702 2061 2020 2126 terream
2063 2051 2452 2148 fecissent,
2507 2049 2742 2124 dein·

551 2153 653 2233 dc
689 2156 972 2233 directe
1014 2155 1108 2231 ad
1151 2153 1463 2232 eandem
1515 2154 1804 2260 plagam
1842 2156 2405 2234 meridionalem
2436 2157 2513 2230 in
2558 2153 2770 2230 iiiii-³

550 2261 691 2342 bus
725 2262 1213 2368 quarumdam
1254 2280 1615 2340 terrarum
1660 2260 2040 2340 arabilium
2086 2255 2350 2339 metam
2405 2280 2736 2340 terream

555 2370 1093 2469 cumulassenj,
1167 2367 1437 2444 abhinc
1506 2368 1870 2448 vertendo
1927 2370 2021 2447 ad
2069 2369 2382 2446 eandem
2441 2369 2736 2472 plagam

554 2475 1117 2571 occidentalem,
1168 2479 1245 2551 in
1267 2472 1531 2550 finibus
1557 2475 1985 2553 earumdem
2019 2495 2379 2554 terrarum
2409 2477 2727 2551 arabili-

553 2607 721 2684 um,
778 2608 915 2687 per
959 2583 1269 2686 parvum
1325 2584 1642 2686 spatium
1686 2581 1993 2684 girando
2017 2641 2040 2678 ‚
2095 2584 2608 2687 pervenissent
2641 2584 2734 2660 ad

549 2687 830 2765 dictum
867 2693 1232 2792 spinetum
1256 2743 1277 2775 ,
1336 2686 1465 2764 ubi
1507 2690 1582 2764 iii
1635 2688 1901 2766 eodem
1935 2708 2209 2768 metam
2247 2706 2576 2767 tei-ream
2609 2719 2734 2766 an·

547 2795 876 2903 gularem
921 2789 1289 2873 fecissent.
1374 2794 1671 2892 Abhinc
1718 2794 2083 2876 vertendo
2127 2797 2217 2872 ad
2257 2815 2548 2902 partem
2601 2824 2734 2874 se-

546 2900 1144 3009 ptemtrionalem
1217 2901 1759 2992 transivisscnt‚
1855 2901 1949 2979 ad
2012 2903 2341 3010 priorem
2401 2921 2750 2997 metam„

547 3008 683 3085 ubi
733 3006 1226 3109 incepissent,
1297 3007 1555 3113 ibique
1628 3001 2177 3104 terminassent{
2264 3011 2730 3116 quequi'dcm

546 3134 740 3191 mete
796 3143 838 3191 a
897 3115 1235 3220 partibus
1285 3115 1781 3211 occidentali,
1838 3134 1914 3192 et
1971 3119 2560 3224 septemtrionali
2603 3144 2728 3193 se·-

545 3238 808 3325 parent
860 3220 1243 3325 portiones
1294 3221 1894 3330 possessionarias
1948 3224 2280 3302 annotati
2313 3224 2584 3300 Jacobi
2630 3224 2727 3301 de

543 3328 998 3421 Kerezteur‚
1064 3355 1108 3402 a
1160 3348 1367 3432 parte
1399 3429 1403 3434 ι
1435 3347 1683 3406 autem
1746 3331 2086 3409 orientali
2152 3331 2728 3434 possessionan‘e

542 3437 926 3558 portiones
977 3434 1159 3559 dicti
1202 3436 1547 3559 lipiscopi
1597 3435 1927 3562 Ecclesie
1985 3435 2601 3566 vesprimiensis,
2651 3454 2730 3514 ct

537 3537 856 3618 filiorum
899 3557 1228 3647 magistri
1257 3538 1559 3618 ·-Thome
1580 3598 1599 3626 ,
1654 3567 1733 3618 in
1773 3560 1984 3668 parte
2023 3542 2496 3620 meridionali
2533 3571 2728 3645 pos-

538 3648 976 3725 sessionarie
1004 3650 1390 3755 portiones
1435 3649 1619 3727 dicti
1659 3648 2011 3756 Episcopi
2058 3649 2391 3728 Ecclesie
2424 3651 2729 3757 Vespri·

536 3750 835 3829 miensis
871 3771 1445 3857 sequestrarent.
1531 3759 1718 3834 Item
1760 3774 1986 3833 metas
2031 3756 2313 3860 piscine
2371 3757 2726 3834 Wedeu-

420 3901 429 3912 ·
541 3874 703 3936 tava
747 3876 1015 3936 vocate
1063 3856 1266 3940 dicte
1293 3860 1626 3940 Ecclesie
1670 3863 2080 3957 Budensis‚
2132 3861 2279 3939 hoc
2309 3857 2574 3940 ordine
2620 3864 2722 3939 di·

537 3966 981 4043 stinxisscnt.
1074 3968 1296 4056 Quod
1333 3971 1788 4076 inciperetur
1833 3998 1875 4046 a
1915 3969 2125 4076 plaga
2160 3969 2604 4047 occidentali
2643 3973 2717 4047 iii

542 4070 714 4148 loc'o
752 4069 1173 4151 Sembakna
1218 4094 1486 4152 vocato
1527 4078 1604 4153 in
1634 4078 1982 4183 contigua
2017 4079 2389 4155 vicinitate
2431 4078 2717 4182 piscine

543 4174 896 4283 Stephani
914 4238 937 4280 ‚
971 4199 1048 4261 et
1082 4177 1434 4258 Johaiinis
1472 4179 1791 4268 filiorum
1829 4183 2144 4288 condam
2177 4182 2502 4300 magistri
2515 4183 2713 4262 Tho·
