2875 4842
1991 470 2266 568 ¹295,

137 660 475 772 deinceps
500 669 578 742 in
632 666 1043 747 dileccione
1078 690 1154 747 et
1196 675 1528 750 amicicia
1563 678 1865 752 sinceris
1889 732 1914 777 2
1967 702 2112 756 nec
2148 702 2298 756 non

138 797 309 874 pace
360 774 924 879 tranquillitate,
1005 797 1080 854 et
1151 781 1558 879 commodo
1625 802 2144 885 permaneant,
2207 785 2301 861 ad

138 876 285 954 illos
333 884 699 959 tenendos*
735 903 810 961 et
849 884 1357 975 obseruandos
1392 888 1650 965 ambos
1682 888 2051 1005 praefatos
2099 893 2311 967 Prin·
2389 946 2395 952 ·

140 986 326 1090 cipes
378 991 734 1071 inducere
770 990 1092 1086 debent,
1148 1002 1223 1067 et
1279 994 1642 1071 efficacius
1686 995 2077 1073 exhortari.
2163 996 2312 1074 De-

141 1091 305 1169 bent
333 1098 571 1193 eciam
614 1114 872 1175 omnes
923 1103 1289 1199 prenotati
1341 1101 1677 1178 defectus
1704 1158 1724 1196 ,
1761 1102 2312 1197 dissensiones,

144 1214 210 1275 et
241 1199 663 1280 differencie
708 1203 1056 1291 haetenus
1104 1205 1439 1303 suborti,
1494 1214 1624 1285 seu
1666 1206 1855 1282 infra
1898 1211 2314 1315 predictum

142 1324 409 1411 tempus
462 1314 849 1409 euenturi,
904 1315 978 1387 in
1025 1313 1238 1429 plena
1285 1319 1484 1437 pacis
1547 1317 2037 1416 disposicione
2079 1304 2312 1395 consi·

147 1428 360 1509 stere,
434 1438 525 1493 ac
604 1442 861 1495 omnes
938 1421 1532 1523 captiuacmnesi
1597 1422 2165 1517 arrestaciones,
2240 1441 2317 1499 et

146 1520 669 1622 prohibitiones
701 1524 1081 1601 hominum
1126 1544 1205 1602 et
1233 1552 1490 1605 rerum
1534 1527 1917 1643 vtriusque
1962 1530 2190 1633 partis
2228 1556 2316 1606 ac

150 1629 459 1737 ipsorum
522 1630 988 1709 fideiussores
1033 1631 1321 1737 absque·
1362 1635 1879 1743 impeticione,
1929 1634 2320 1739 obstaculo

153 1744 217 1808 et
248 1741 779 1817 ammonicione
810 1744 1303 1851 parmanere„
1351 1740 1672 1825 Possunt
1710 1744 1930 1816 etiam
1970 1762 2316 1851 quoque,

154 1866 385 1918 omnes
438 1856 898 1925 mercatores
947 1862 1023 1921 et
1070 1850 1313 1951 quiuis
1353 1846 1477 1947 alii
1520 1848 1874 1951 vtrinque
1941 1860 2112 1925 cum
2166 1848 2315 1926 suis

155 1953 605 2045 mercanciis,
660 1968 737 2026 ct
795 1954 1020 2029 rebus
1085 1953 1467 2051 laborare,
1523 1974 1598 2032 et
1657 1952 2106 2057 procedere,
2161 1978 2318 2060 ‘per

153 2057 499 2156 quaslibet
533 2077 916 2134 consuetas
956 2058 1238 2135 Sti-atas
1275 2065 1483 2138 omni
1524 2059 1791 2155 modo,
1896 2088 1995 2138 uo
2038 2080 2319 2163 tempo-

154 2163 336 2239 ribus
398 2165 804 2253 Illustrium
881 2168 1198 2253 condam
1262 2158 1746 2273 Principum,
1834 2087 2317 2255 geminorum

155 2266 545 2375 Lodouici,
596 2274 827 2385 Regis
862 2274 1277 2378 Hungarie,
1320 2264 1618 2371 Alberti
1648 2292 1723 2350 et
1765 2273 2144 2383 Rudolphi
2177 2275 2314 2377 du-

156 2398 300 2451 cum
350 2378 702 2473 Ausa-ie,
770 2366 1094 2454 felicium
1132 2372 1915 2477 ‘reminiscentiarum‚
1992 2384 2315 2461 transie-

158 2499 314 2575 runt
365 2504 441 2562 et
505 2484 989 2585 laborarunt,
1033 2487 1193 2577 sine
1246 2484 1444 2585 dolo.
1539 2490 1634 2563 Et
1682 2488 1789 2587 si,
1844 2487 2050 2605 quod
2117 2489 2315 2567 Deus

157 2610 458 2689 nucetat,
514 2584 712 2685 infra
769 2612 1060 2698 tempus
1122 2592 1588 2697 prehabitum
1633 2591 1773 2667 vlle
1837 2620 2040 2670 noue
2093 2593 2320 2697 diffep.

158 2698 381 2777 rencie
405 2757 428 2801 ,
499 2716 580 2774 et
630 2698 1112 2797 dissensiones
1183 2702 1598 2801 orirentur,
1666 2726 1893 2807 super
1950 2698 2092 2777 illis
2138 2708 2320 2799 neu-‘

159 2819 255 2879 tra
303 2834 468 2935 pars
527 2824 788 2893 contra
831 2808 1132 2882 alteram
1238 2830 1672 2915 uascunque
1721 2806 2140 2905 inuasiones
2183 2807 2312 2891 de-

158 2908 269 2986 bet
304 2913 770 2990 committere
794 2971 816 3003 ,
871 2914 1018 2988 vllo
1050 2835 1319 3007 m030,
1377 2940 1637 2990 verum
1677 2910 2141 3018 displicentie
2186 2940 2310 3011 ee·

157 3015 309 3094 dem
341 3020 724 3114 similiter,
779 3025 980 3097 iuxta
1009 3022 1326 3127 prefatas
1359 3019 1888 3125 disposiciones
1928 3018 2317 3101 debebunt

160 3148 492 3231 suspense
540 3131 958 3233 persistere.
1046 3128 1144 3203 Et
1185 3131 1245 3202 si
1295 3126 1553 3203 eedem
1610 3130 1686 3200 in
1733 3125 2108 3230 Hungaria
2168 3131 2312 3201 ori·-

161 3251 398 3310 rentur
422 3286 445 3321 ,
505 3235 597 3307 ad
631 3236 970 3310 notitiam
1017 3253 1444 3323 nostrorum
1497 3231 1949 3334 prefatorum
2005 3230 2313 3307 Palatini

161 3353 224 3410 et
259 3339 549 3435 Nicolai
604 3343 924 3443 magistri
954 3341 1576 3417 Tauarnicorum:
1637 3338 1722 3415 Si
1763 3365 1940 3414 vero
1979 3342 2056 3414 in
2103 3340 2312 3423 terri·

165 3447 349 3520 toriis
399 3447 623 3521 Ducis
656 3450 985 3543 Austrie,
1042 3445 1326 3547 fierent,
1367 3446 1465 3520 ad
1499 3450 1843 3543 noticiam
1887 3448 2310 3539 nostrorum

162 3552 653 3651 predictorum
693 3550 1048 3629 Johannis
1080 3551 1666 3630 Lichtenstainer
1720 3570 1796 3626 et
1819 3546 2176 3655 Wulfingi
2212 3552 2310 3629 de

166 3655 651 3765 Stubenwerg'
681 3659 947 3759 deduci
981 3661 1401 3758 debebunt,
1458 3662 1590 3763 qui
1632 3658 1936 3763 quidem
1986 3679 2312 3764 quatuor
2377 3680 2380 3683 ’

168 3763 244 3837 ad
277 3766 783 3870 competentes
820 3769 1173 3843 terminos
1209 3786 1286 3843 et
1332 3766 1490 3862 loca
1541 3764 1835 3863 insimul
1877 3768 2129 3842 venire
2169 3764 2310 3841 de·-

173 3865 527 3965 bebimus,
587 3889 662 3949 et
691 3900 949 3969 omnes
984 3877 1180 3979 ipsas
1220 3900 1469 3950 causas
1509 3897 1596 3957 ac
1636 3870 2095 3949 differencias
2132 3876 2310 3948 iux-

174 3989 235 4048 ta
271 3981 718 4085 exig'enciam
753 3982 1179 4069 earumdem
1214 3979 1574 4056 discutere
1608 3997 1683 4055 et
1717 3982 1999 4080 plenius
2047 3981 2306 4055 termi-

177 4106 351 4160 nare.
458 4084 540 4163 Si
588 4105 834 4167 autem
885 4088 1275 4185 acciderit,
1332 4088 1639 4163 alterum
1696 4087 2065 4164 dictorum
2093 4088 2338 4191 prin-2

179 4188 405 4290 cipum
465 4204 545 4272 et⁴
586 4196 1056 4272 dominorum
1103 4215 1534 4271 >nostrorum
1589 4192 2154 4295 quibuscunque
2197 4221 2307 4265 ar·
