2875 4842
2100 338 2283 439 'sss

209 569 515 679 wiensi,
605 568 973 663 Samaria,
1064 566 1342 661 Tatha,
1412 567 2007 672 Lewpoltsdorf,
2088 574 2340 650 Deven
2369 625 2396 667 ,

217 678 431 751 Ovinr
485 678 661 752 alias
718 678 1174 780 Altenburg,
1271 676 1713 777 Nensiedelx,
1802 693 1892 750 et·
1935 679 2395 757 Kissminrton

216 781 467 865 nullus
517 784 702 861 alter
762 786 1073 877 audeat,
1131 784 1248 858 vel
1298 802 1790 887 praesummat
1832 803 2267 887 argentum,
2320 802 2395 862 et

213 888 543 966 florenos
579 893 777 985 auri,
831 915 970 967 neo
1009 918 1161 967 non
1205 908 1539 964 monetas
1576 918 2057 994 quascunque
2096 917 2394 985 emere,

213 1022 353 1071 seu
395 994 764 1088 cambire,
831 997 970 1072 sub
1016 1023 1261 1101 poena
1305 992 1689 1073 ablationis
1749 997 2008 1072 talium
2060 998 2392 1101 argenti,

213 1121 301 1179 et
332 1100 826 1195 florenorum,
879 1105 1018 1179 nisi
1042 1100 1263 1179 Cives
1297 1103 1531 1178 nostri
1565 1108 2015 1203 praenotati,
2050 1104 2140 1180 ad
2190 1129 2396 1207 prae·

209 1213 564 1314 scriptam
624 1212 1002 1287 Camaram
1068 1227 1363 1285 nostrae
1432 1209 1855 1287 Maiestatis.
1941 1213 2028 1287 Et
2079 1213 2134 1285 si
2170 1209 2395 1311 aliqui

208 1314 589 1408 homines,
642 1332 1282 1397 seumercatores
1337 1314 1430 1391 de
1488 1315 1821 1420 partibus
1868 1310 2149 1393 nostris
2196 1317 2396 1391 infe·-

211 1424 586 1515 rioribus,
640 1441 819 1529 puta
865 1421 960 1498 de
1031 1426 1340 1516 Raseia,
1413 1424 1532 1497 vel
1607 1422 1898 1497 aliunde
1955 1421 2049 1497 ad
2109 1439 2395 1527 praeta·

212 1546 411 1604 ctam
471 1526 861 1606 Civitatem
902 1546 1223 1604 nostram
1252 1529 1768 1605 posoniensem
1801 1528 2102 1633 aliquod
2138 1555 2394 1632 argen-

211 1651 380 1710 tum
432 1653 931 1727 monetatum,
985 1635 1104 1709 vel
1161 1663 1310 1710 nou
1351 1646 1850 1728 monetatum,
1907 1662 2155 1713 caussa
2204 1662 2394 1710 ven-

213 1740 517 1817 ditionis
563 1769 694 1816 seu
756 1740 1040 1817 cambii
1095 1735 1532 1832 detulerint,
1603 1760 1872 1818 extunc
1930 1746 2145 1819 etiam
2210 1740 2394 1817 tales

211 1845 636 1924 huiusmodi
699 1868 1076 1950 argentum
1133 1846 1226 1923 ad
1290 1846 1564 1925 dictam
1617 1850 2001 1925 Cameram
2065 1864 2392 1923 nostram

214 1953 777 2048 Posoniensem,
833 1957 1006 2060 ipsis
1042 1954 1340 2054 Civibus
1385 1954 1689 2047 nostris,
1746 1972 1818 2028 et
1854 1955 2132 2030 nemini
2181 1952 2393 2029 alteri

213 2085 360 2165 pro
418 2059 788 2162 condigno
839 2060 1099 2163 pretio
1146 2061 1324 2136 dare
1381 2078 1806 2147 teneantur,
1863 2078 1938 2137 et
1978 2062 2386 2163 assignare:

207 2166 538 2267 alioquin
618 2169 756 2270 ipsi
820 2168 1029 2243 Cives
1084 2167 1317 2243 nostri
1374 2168 1731 2269 talismodi
1795 2185 2180 2270 argentum
2229 2166 2388 2240 sine

207 2271 505 2373 aliquali
544 2275 789 2378 pretio
836 2274 926 2346 ad
963 2272 1223 2348 dictam
1241 2272 1623 2348 camaram
1666 2291 1990 2348 nostram
2031 2270 2391 2360 aufferen‘

211 2378 290 2453 di
346 2379 663 2465 babeant
721 2380 1177 2475 facultatem3
1255 2400 1635 2485 praeterea
1687 2380 2076 2466 annuimus
2127 2377 2387 2453 iisdem

212 2486 514 2561 Civibus
561 2504 635 2562 et
692 2483 1235 2562 Mercatoribus
1282 2488 1551 2563 nostris
1588 2486 1905 2588 gratiose
1962 2504 2040 2559 ut
2078 2484 2255 2585 ipsi,
2311 2496 2387 2577 et

208 2596 597 2669 memorati
641 2595 976 2695 ipsorum
1019 2619 1531 2687 successorem
1586 2591 1867 2695 ubique
1919 2596 2110 2666 intra
2153 2588 2382 2665 ambi-

210 2717 368 2776 tum
427 2699 606 2775 dicti
677 2690 914 2801 Regni
985 2700 1217 2774 nostri
1283 2701 2192 2802 Hungariae,argentum
2250 2722 2381 2772 seu

207 2808 598 2910 pecuniam
650 2807 1159 2913 cuiuscunque
1212 2826 1554 2882 monetae
1600 2807 1901 2897 existat,
1961 2812 2384 2907 pro‘pecu'-

209 2916 368 3005 nia,
427 2926 552 3007 aut
593 2912 972 3014 quibusvis
1015 2914 1235 2989 rebus
1277 2940 1537 2989 eorum
1575 2908 2248 2987 mercimonialibus
2284 2902 2381 2987 ad

205 3017 482 3094 dictam
518 3018 899 3093 Cameram
949 3036 1275 3094 nostram
1322 3045 1572 3095 emere
1625 3037 1702 3094 et
1748 3016 2248 3109 commutare,
2280 3029 2381 3089 ·et

165 3220 170 3227 .
204 3125 504 3200 demum
549 3124 638 3199 ad
676 3125 984 3203 eandem
1027 3123 1413 3200 Camersm
1454 3141 1782 3201 nostram
1824 3141 2224 3228 apportare
2260 3147 2379 3221 va,-

204 3233 441 3324 leant,
516 3251 742 3334 atque
806 3235 1127 3335 possint,
1226 3231 1809 3308 contradictione
1877 3225 2379 3335 quorumlibet

204 3367 355 3414 non
398 3339 763 3417 obstante.
850 3341 949 3415 Ut
985 3341 1211 3443 igi-tur
1251 3338 1666 3415 huiusmodi
1703 3355 2001 3416 nostrae
2043 3333 2377 3431 Conces-'ss

204 3447 466 3540 sionis,
522 3464 596 3521 et
654 3447 928 3547 gratiae
985 3432 1495 3551 praerogativa
1548 3444 1781 3521 robur
1830 3443 2161 3527 obtineat
2191 3446 2376 3545 pe'r-

206 3572 471 3657 petuae
530 3549 931 3648 firmitatis,
986 3569 1407 3657 praesentes
1460 3551 1772 3627 Litteras
1818 3565 2110 3651 nostras
2165 3573 2378 3647 ema-

201 3660 363 3735 nari
403 3656 780 3759 xfecimus,
868 3662 1287 3760 secretique
1342 3655 1583 3761 sigilli
1635 3650 1870 3734 nostri
1923 3654 2377 3758 appensione

204 3763 571 3843 roborari.
652 3768 922 3841 Datum
970 3764 1050 3837 in
1088 3756 1414 3839 Kewohe
1454 3766 1530 3836 in
1567 3764 1831 3868 Vigilia
1878 3762 2042 3837 festi
2071 3761 2369 3835 Nativit.

203 3874 416 3950 Beati
461 3872 767 3947 Joannis
838 3871 1248 3976 Baptistae,
1329 3868 1551 3943 Anno
1616 3870 1913 3945 Domini
1975 3867 2385 3942 Millesimo-

207 3976 931 4083 quadringentesimo
987 3977 1391 4057 tricesimo.
1475 3978 1905 4078 Regnorum
1948 3988 2374 4049 nostrorum

195 4088 431 4165 ·Anno
481 4086 896 4189 Hungariae
944 4101 1086 4162 ete.
1134 4082 1694 4185 quadragesimo
1733 4097 1997 4186 quarto
2022 4133 2043 4171 ,
2092 4079 2370 4156 Roma·
