2875 4842
694 465 703 473 ’
757 463 906 535 160

646 667 768 745 tiis
789 666 1032 744 dictae
1049 668 1495 774 possessioni
1524 665 1661 743 Kis
1692 667 1963 768 Runya
1998 666 2080 741 in
2119 665 2594 772 praescriptas
2626 661 2766 741 duas

646 791 896 878 partes
940 794 1181 853 rectas
1220 793 1296 850 et
1326 773 1670 877 aequales
1707 773 2036 850 diuisisse
2060 826 2082 864 ,
2139 800 2505 876 vnamque
2539 797 2767 847 earum·

645 879 817 956 dem
857 880 1167 958 duarum
1214 885 1530 984 partium
1568 882 2133 983 praenominatis
2166 878 2581 983 Stephano,
2647 876 2762 952 filio

558 1084 564 1092 1
639 987 980 1092 Νὶοοίιιῇ,
1038 1016 1125 1064 ae
1164 987 1310 1063 filio
1353 1015 1439 1066 ac
1483 990 1840 1095 proximis
1884 987 2256 1063 eiusdem:
2313 984 2523 1061 aliam
2569 1002 2767 1060 autem

643 1095 1119 1171 medietatem
1150 1100 1511 1200 ipsarum,
1558 1121 1698 1170 nec
1737 1122 1887 1171 non
1924 1097 2451 1199 praescriptam
2482 1110 2765 1195 quartam

640 1219 925 1301 partem
974 1200 1212 1278 dictae
1260 1200 1665 1305 particulae
1706 1222 1947 1308 terrae
2001 1197 2232 1278 trium
2302 1217 2688 1276 aratrorum
2731 1225 2765 1270 a

641 1327 850 1410 parte
916 1308 1195 1385 Perbes
1239 1308 1678 1397 adiacentis,
1749 1310 2171 1385 memoratis
2223 1305 2602 1396 Far-Rasin,
2647 1302 2763 1380 filio

526 1413 557 1427 ’“
637 1413 940 1491 ,Ioannis
962 1472 984 1508 ‚
1043 1416 1364 1492 Alberto
1403 1415 1554 1492 filio
1587 1413 1905 1491 Ladislai
1922 1467 1949 1503 ,
2005 1432 2081 1491 et
2115 1414 2270 1489 aliis
2304 1411 2638 1489 fratribus
2667 1435 2760 1482 eo·

636 1522 979 1597 rumdem
1029 1524 1519 1627 praenotatis,
1574 1522 1713 1598 sub
1773 1522 2186 1597 inclusione
2229 1538 2306 1596 et
2355 1517 2761 1624 separatione
2817 1579 2818 1586 ,

640 1632 1268 1734 praescriptarum
1321 1647 1723 1722 metarum,
1797 1629 1875 1702 in
1932 1644 2389 1732 perpetuum
2439 1627 2760 1713 statuisse,

619 1752 711 1809 -et
737 1737 1231 1830 commisisse3
1267 1735 1613 1811 vtilitates
1652 1753 1894 1810 autem
1933 1736 2172 1810 dictae
2205 1729 2757 1837 possessionuriae

637 1846 999 1943 portionis
1035 1842 1393 1947 praedicti
1425 1842 1804 1945 quondam
1843 1841 2181 1931 Alberti,
2237 1838 2369 1913 filii
2397 1832 2673 1925 Jacobi‚
2698 1836 2756 1908 in

634 1946 828 2023 dicta
869 1949 1142 2026 Skaros
1175 1949 1495 2042 habitae,
1537 1948 1916 2026 communi
1951 1948 2113 2022 vsui
2155 1948 2489 2047 parcium
2520 1965 2753 2019 earum·
2817 2017 2818 2022 ,

633 2052 806 2146 dem
843 2056 1239 2160 reliquisse
1267 2112 1291 2149 ‚
1345 2082 1442 2130 ex
1477 2053 1688 2130 dictis
1721 2055 1982 2129 litteris
2043 2053 2442 2132 memorati
2497 2046 2756 2152 Capituli

628 2159 1008 2263 Agriensis
1065 2161 1741 2266 rescriptionalibus
1793 2157 2174 2236 manifeste
2218 2153 2753 2263 reperiebantur.

629 2268 777 2345 Pro
822 2295 913 2345 eo
951 2266 1449 2345 Praelatorum
1476 2286 1552 2345 et
1582 2269 1959 2366 Baronum
2000 2266 2367 2369 regnique
2410 2261 2754 2347 nobilium,

588 2392 1184 2482 ,praeassumpto
1214 2377 1570 2469 consilio,
1606 2390 2094 2481 praeattactas
2128 2372 2557 2448 medietates
2581 2365 2755 2441 dicu-

626 2507 793 2558 rum
828 2483 1196 2588 portionis
1233 2483 1846 2587 possessionariae
1881 2484 1958 2556 in
1999 2479 2198 2555 dicta
2234 2477 2549 2554 Szkaros
2580 2468 2752 2551 habi·

625 2600 786 2682 tae,
842 2591 1026 2680 olim
1067 2591 1410 2692 praesciti
1448 2588 1785 2680 Albani,
1857 2588 2038 2663 i‘tem
2093 2584 2569 2690 possessionis
2611 2576 2752 2654 Kis-

622 2693 938 2796 Runya,
1000 2697 1146 2772 alio
1185 2699 1489 2771 nomine
1539 2696 1672 2770 Kis
1712 2694 2025 2786 Hanva‚
2079 2710 2388 2767 vocatae
2426 2710 2752 2765 memora-

623 2814 704 2875 to
747 2798 1128 2903 Stephano
1165 2799 1318 2875 filio
1360 2799 1648 2880 Nicolai
1675 2855 1698 2890 ‚
1753 2801 2151 2903 praemisso
2176 2797 2408 2875 modo
2439 2811 2751 2896 statutam>

622 2931 794 2980 cum
835 2904 1296 3006 quibuslibet
1334 2908 1481 2983 suis
1530 2904 1962 2981 vtilitatibus
1998 2923 2071 2981 et
2110 2905 2568 3008 pertinentiis
2613 2895 2749 2971 vni-

616 2997 898 3108 uersis,
976 3013 1223 3089 eidem
1273 3009 1653 3117 Stephano
1715 3032 1790 3087 et
1825 3010 2198 3086 -Matthiae
2264 3012 2417 3091 filio
2474 3034 2638 3096 suo,
2683 3024 2748 3074 οῦ
2817 3083 2818 3090 ,

616 3115 774 3196 aliis
809 3122 965 3196 eius
999 3121 1402 3225 proximis,
1443 3119 1716 3226 quibus
1758 3120 2149 3207 conuenit,
2206 3119 2347 3208 alia
2387 3109 2748 3192 medietatis

621 3228 1093 3320 earumdem,
1136 3246 1212 3302 et
1252 3226 1446 3303 dicta
1479 3215 1739 3328 quarta
1782 3245 1984 3327 parte
2017 3242 2438 3329 praetactae
2479 3220 2748 3326 particu·
2817 3263 2818 3322 3

618 3331 732 3407 lae
774 3354 1017 3410 terrae
1068 3335 1292 3408 trium
1329 3354 1733 3436 aratrorum
1778 3358 1816 3404 a
1867 3351 2075 3435 parte
2109 3333 2399 3414 Perbes
2442 3331 2746 3404 adiacen-
2817 3325 2818 3370 ἓ

618 3442 710 3513 tis
737 3496 758 3534 ,
815 3441 1242 3542 memora-tis
1288 3439 1633 3514 Farkasio
1672 3456 1745 3512 et
1784 3445 1931 3512 suis
1980 3437 2360 3514 Fratribus
2403 3447 2745 3547 praenota-

618 3547 710 3620 tis
769 3572 855 3619 ac
904 3573 1167 3624 eorum
1223 3545 1772 3621 successoribus
1828 3546 2234 3637 minensis,
2326 3544 2643 3618 similiter
2684 3558 2744 3604 m

613 3670 1063 3755 perpetuum
1099 3651 1681 3741 remanertibus‚
1735 3655 2038 3726 omnino
2080 3650 2488 3728 secundum
2543 3641 2746 3758 conti-

612 3760 944 3850 nentiam
981 3762 1610 3864 praescriptarum
1663 3758 2051 3834 literarum*
2103 3762 2430 3833 annotati
2476 3744 2745 3856 capituh

611 3862 989 3968 Agriensis
1024 3866 1679 3969 rescriptionalium
1721 3866 1795 3939 in
1838 3865 2350 3969 superioribus
2395 3857 2746 3972 verbaliter

612 3973 1204 4073 conscriptarum
1242 3997 1339 4047 eo
1384 3976 1583 4067 iure,
1642 3999 1795 4074 quo
1837 3975 2010 4074 ipsis
2055 3973 2511 4074 dignoscitur
2549 3973 2743 4070 pern·-

608 4085 834 4170 ner'e,
890 4077 1372 4183 reliquimus,
1426 4099 1503 4153 et
1558 4083 2057 4158 commisimus
2109 4079 2185 4155 in
2249 4082 2739 4184 sempiternum

604 4175 1022 4287 possidet&
1078 4191 1336 4264 tenere
1358 4241 1383 4283 ,
1437 4188 1717 4289 pariter
1750 4195 1830 4265 εἴ
1858 4182 2135 4264 hahere
2155 4241 2180 4283 ,
2217 4189 2387 4264 sin‘e
2415 4168 2738 4292 praeiudi·
