2875 4842
133 438 298 460 ·”’“’
669 429 673 434 ’
764 531 773 542 ,
2056 448 2278 538 ωε·

123 689 287 740 me.
359 627 653 741 Alsllinc
698 660 833 766 per
877 641 1252 740 modicum
1298 661 1620 767 spatium
1662 663 1809 743 iret
1845 633 2098 742 versus
2131 689 2319 770 par-

125 789 293 849 tem
344 771 1013 876 septemtrionalem
1051 768 1146 846 ad
1177 796 1409 847 unum
1444 768 1795 875 angulum
1824 773 2050 847 Juxta
2086 789 2320 852 metas
2465 783 2476 790 '

124 875 654 980 Hang'yaslaph
722 901 807 950 ae
889 875 1237 980 quasdam
1297 872 1601 953 arbores
1662 879 2017 981 populeas
2087 877 2317 983 vulgo

123 981 207 1059 N
210 984 422 1086 yarfa
460 984 897 1060 nominatas.
947 982 1132 1059 Inde
1173 983 1520 1059 transiret
1561 999 1812 1076 versus
1844 984 2126 1088 plagam
2162 987 2315 1062 ori-
2389 1009 2394 1012 ·

121 1089 454 1166 entalem
474 1143 500 1179 ,
571 1108 647 1166 et
690 1090 1360 1194 septemtrionalem
1426 1092 1632 1166 iuxta
1690 1092 2001 1192 piscinas
2053 1091 2354 1170 Jacobi·
2423 1089 2426 1092 ’

120 1196 211 1273 fil
215 1225 273 1299 y
310 1197 590 1272 Nicolai
636 1196 733 1272 de
768 1194 1269 1285 Kereztheur‚
1323 1211 1402 1272 et
1432 1194 1760 1272 filiorum
1799 1198 2049 1302 Trepk
2088 1195 2315 1273 dein·-

118 1303 233 1379 de
274 1328 414 1408 per
448 1302 729 1378 bonum
783 1305 1095 1408 spatium
1132 1304 1613 1407 pervenirent
1649 1302 1742 1378 ad
1797 1330 2029 1402 unum
2067 1301 2314 1384 laeum
2345 1366 2349 1372 -

115 1409 436 1488 acialem
482 1432 736 1486 versus
776 1411 1086 1486 eandem
1121 1427 1407 1512 partem
1436 1409 1872 1487 orientalem
1906 1437 2055 1515 per
2078 1433 2186 1469 —b
2216 1410 2312 1488 ad

116 1515 440 1593 Clarum
479 1541 716 1622 copus
754 1515 949 1593 dicte
991 1511 1296 1623 piscine,
1336 1541 1565 1616 quem
1605 1514 1833 1618 ydem
1864 1513 1993 1619 fily
2025 1517 2309 1621 Treph-

115 1623 393 1724 lapur,
469 1648 629 1701 esse
683 1626 1223 1715 nominassent,
1293 1621 1560 1699 dehine
1615 1646 1872 1699 versus
1921 1622 2309 1701 meridiem
2445 1645 2454 1658 ·

119 1729 443 1833 girando
491 1758 628 1834 per
708 1728 994 1807 bonum
1059 1728 1374 1833 spatium
1442 1727 1690 1807 eundo
1758 1728 1854 1805 ad
1909 1728 2307 1832 quamdam

120 1837 354 1911 viam·
404 1835 837 1942 navigialem
908 1833 1425 1940 applicuissent
1454 1888 1482 1924 ,
1583 1858 1950 1941 perquam
2031 1836 2306 1915 rectius

118 1943 615 2047 procedendo
657 1946 1162 2047 pervenissent
1210 1937 1303 2015 ad
1343 1969 1565 2020 unam
1601 1939 1787 2018 San-k
1819 1960 2162 2021 vocatum
2195 1946 2306 2050 pi·

119 2054 333 2138 scine
362 2047 656 2153 Nagzad
676 2101 700 2138 ‚
755 2046 1021 2124 deinde
1062 2074 1199 2154 per
1229 2047 1606 2125 modicum
1642 2049 1960 2155 spatium
1998 2073 2306 2154 progre-

118 2154 407 2234 diendo
441 2158 533 2232 ad
568 2156 819 2231 locum
856 2152 1321 2256 Hegyeslaph
1350 2156 1849 2258 perenissent,
1919 2171 1999 2234 et
2033 2153 2302 2234 abhinc

117 2287 273 2363 per
306 2263 615 2341 eandem
663 2260 948 2365 plagam
985 2255 1542 2339 meridionalem
1588 2288 1724 2364 per
1762 2285 2108 2366 magnum
2140 2286 2303 2366 spa·

116 2369 314 2443 tium
363 2367 910 2471 progrediendo
948 2361 1458 2473 pervenissent
1504 2366 1597 2443 ad
1660 2386 1922 2444 terram
1959 2367 2298 2475 Kuizep-

116 2470 546 2579 homokheg
593 2474 1032 2579 appellatam
1068 2498 1112 2545 a
1149 2471 1295 2547 fine
1352 2476 1563 2551 euius
1608 2502 1651 2550 a
1692 2473 1903 2580 plaga
1937 2473 2299 2551 occiden-

118 2579 261 2656 tali
316 2582 676 2658 adiacenti
738 2578 1178 2659 declinando
1237 2603 1375 2683 per
1414 2579 1724 2657 eandem
1773 2581 2056 2684 plagam
2087 2583 2294 2658 occi-

119 2687 501 2764 dentalem
558 2712 697 2789 per
748 2689 1044 2790 longum
1084 2688 1394 2790 spatium
1434 2686 1740 2790 girando
1790 2685 2300 2792 pervenissent

116 2792 219 2869 ad
279 2793 669 2899 quemdam
706 2792 956 2871 locum
998 2791 1488 2869 Wedeunada
1543 2809 2098 2899 nuncupatum,
2150 2794 2296 2871 ab·

112 2899 295 2975 hine
348 2901 466 2977 ad·
500 2919 785 3006 partem
840 2900 1510 3006 septemtrionalem
1562 2926 1699 3005 per
1742 2900 2022 2978 bonum
2061 2903 2293 3007 spati-

119 3034 251 3083 um
288 3006 535 3085 eundo
577 3006 671 3084 ad
703 3035 932 3083 unum
963 3005 1310 3112 angulum
1346 3004 1582 3083 Kislik
1635 3022 1982 3085 vocatum
2018 3032 2293 3107 perve-

117 3112 439 3210 nissent,
522 3113 792 3190 deinde
843 3114 938 3188 ad
994 3128 1283 3218 partem
1341 3114 1774 3192 orientalem
1836 3112 2295 3191 reflectendo

116 3246 265 3324 per
298 3225 515 3297 unam
556 3225 747 3298 viam
791 3220 1225 3325 navigialem
1278 3245 1413 3322 per
1451 3220 1733 3296 bonum
1763 3223 2076 3326 spatium
2110 3247 2293 3298 eun-

117 3326 225 3404 do
286 3331 650 3406 venissent
703 3330 805 3404 ad
885 3326 1132 3404 locum
1203 3323 1746 3433 Magyalaslaph
1818 3324 2304 3432 appellatum„

117 3433 272 3525 Qui
307 3434 607 3538 quidem
637 3436 844 3513 loeus
881 3462 922 3508 a
962 3434 1290 3540 predicta
1332 3449 1528 3510 meta
1566 3431 1989 3534 Sombokra
2026 3433 2290 3510 tende-

115 3554 240 3615 ret
268 3577 272 3582 ·
297 3566 550 3618 versus
612 3561 897 3645 partem
953 3537 1512 3619 meridionalem
1537 3595 1561 3635 ,
1629 3555 1707 3615 et
1769 3555 2191 3646 segregaret
2246 3569 2288 3616 a
2371 3587 2416 3610 ·.
2501 3533 2506 3540 ⁵

118 3646 404 3747 piscina
462 3645 923 3753 prefatorum
980 3646 1382 3752 Stephani,
1450 3662 1527 3722 et
1585 3645 1985 3738 Johannis,
2056 3664 2131 3723 et
2181 3646 2284 3721 ibi

116 3756 665 3847 terminassent,
720 3754 1182 3857 quequidem
1216 3768 1412 3830 mete
1460 3751 1745 3858 prefate
1784 3753 2061 3857 piscine
2104 3779 2288 3830 sem⁴

112 3882 254 3959 ρει·
284 3859 377 3942 ad
424 3879 665 3966 partes
701 3858 1255 3954 meridionalia,
1310 3885 1399 3936 ae
1439 3857 1926 3960 occidentales
1977 3886 2285 3967 separa-

64 3967 73 3974 ’
113 3982 285 4043 rent
309 3967 616 4072 prefatis
639 3965 1041 4072 Stephano,
1079 3964 1492 4044 etJohanni
1526 3963 1690 4068 fllys
1708 3962 1992 4042 Thome
2029 3995 2073 4042 a
2119 3993 2281 4070 par·

112 4090 187 4151 te
232 4076 807 4175 septemtrionali
847 4090 1270 4183 separarent
1306 4071 1599 4179 prefato
1645 4071 1931 4150 Jacoho
1977 4071 2130 4148 filio
2160 4071 2298 4146 Ni-.

115 4181 345 4278 colai,
397 4210 440 4258 a
482 4200 690 4287 parte
726 4198 977 4262 autem
1013 4180 1351 4260 orientali
1387 4197 1817 4286 separarent
1861 4172 2161 4285 prefatis
2191 4173 2282 4252 fi-
