2875 4842
633 495 827 566 580-

515 702 962 782 retulerunt..
1051 696 1272 789 Quod
1313 698 1454 802 ipsi
1490 696 1565 772 in
1597 691 2000 801 'quindenis
2033 685 2200 771 festi
2236 683 2427 773 beati
2469 694 2703 772 Jaco-

510 809 594 888 hi
625 808 942 913 apostoli
981 805 1320 911 proxime
1348 806 1675 908 preteriti
1710 803 1784 876 in
1837 800 2099 877 diebus
2143 802 2233 877 ad
2272 803 2349 877 id
2390 807 2579 905 aptis
2609 801 2701 878 ad

508 915 738 994 facies
790 911 1333 1015 possessionum
1408 909 1686 1012 Wylak
1745 908 1971 1012 ipsius
2029 908 2341 985 Ladislai
2388 911 2517 1010 fity
2553 911 2709 985 La-

511 1024 731 1099 dislai
775 1019 1006 1097 Ozlar
1055 1032 1625 1106 annotatorum,
1698 1012 2010 1109 Jacobi,
2085 1035 2158 1091 et
2229 1015 2544 1093 Emerici
2610 1016 2703 1093 de

507 1122 1175 1223 Budavanimuzth,
1231 1124 1622 1230 preattacti
1668 1121 1988 1232 Capituli
2025 1119 2384 1199 Budensis
2423 1126 2709 1216 vicinis,

500 1255 590 1313 ·et
645 1233 1172 1311 commetaneis
1241 1228 1650 1305 earundem
1702 1229 2061 1306 universis
2130 1228 2312 1305 inibi
2381 1232 2709 1333 legitime

498 1341 989 1432 convocatis,
1046 1354 1121 1413 et
1157 1333 1448 1438 prefato
1508 1334 1801 1412 Jacobo
1847 1333 2230 1431 Ladislao,
2287 1355 2362 1411 et
2411 1337 2708 1411 Emeri-

511 1431 641 1542 co,
700 1473 841 1523 nec
892 1471 1042 1528 non
1101 1442 1404 1519 domino
1467 1441 1777 1519 Nicolao
1839 1433 2204 1533 Custode,
2261 1456 2340 1518 et
2407 1446 2707 1518 Decano

509 1556 840 1660 legitimo
885 1567 1374 1655 procuratore
1415 1541 1745 1625 eiusdem
1783 1550 2100 1653 Capituli
2141 1547 2503 1625 Budensis
2537 1575 2705 1655 pre·

497 1660 838 1739 sentibus
894 1652 1369 1740 accedendo,
1428 1660 1667 1759 primo
1730 1654 1998 1729 dictam
2068 1660 2489 1758 portionem
2541 1677 2707 1761 pos-

500 1765 1019 1845 sessionariam
1054 1764 1274 1867 ipsius
1325 1759 1649 1866 Capituli
1687 1760 2034 1837 Budensis
2075 1761 2708 1852 Budavarimuztb,

509 1886 849 1948 vocatam
890 1886 1287 1974 permotas
1326 1884 1400 1942 et
1446 1894 1703 1944 cursus
1738 1870 2034 1944 metales
2065 1865 2143 1943 in
2186 1867 2403 1946 dictis
2445 1867 2710 1947 litteris

506 1981 776 2055 vesu-is
846 1974 1395 2050 adiudicatoriis
1469 1977 1925 2078 conscriptas
2011 1975 2301 2079 plagas,
2387 1992 2462 2051 et
2542 1977 2708 2051 loca

478 2083 911 2164 ‘earundem
951 2080 1315 2156 servando
1360 2106 1497 2180 per
1529 2081 1892 2185 prefatum
1928 2099 2496 2185 procuratorem
2535 2083 2710 2188 ipsi-

505 2219 596 2268 us
633 2189 944 2293 Capituli
993 2186 1531 2264 demonstratas
1571 2188 1645 2260 in
1706 2185 1922 2262 terris
1971 2187 2366 2264 arabilibus
2408 2218 2449 2264 a
2489 2185 2709 2295 prin-

516 2299 717 2402 cipio
761 2293 1186 2398 incipiendo
1243 2293 1873 2387 reambulassent,
1928 2296 2269 2400 ipsasque
2327 2314 2560 2373 metas
2618 2323 2711 2371 ex

517 2413 608 2481 eo
650 2406 825 2505 quia
871 2400 1072 2478 dicte
1133 2415 1380 2507 partes
1443 2399 1730 2504 eisdem-
1761 2400 1975 2476 metis
2025 2429 2178 2477 non
2227 2403 2711 2479 contradixit·

520 2527 682 2586 sent
716 2509 909 2583 bene
951 2525 1388 2611 apparentes
1427 2525 1657 2583 metas
1708 2509 2053 2582 renovari
2086 2504 2465 2602 faciendo,
2525 2536 2711 2584 ean-

528 2616 695 2691 dem
726 2614 867 2690 sub
900 2614 1237 2689 cursibus
1274 2631 1635 2692 metarum
1673 2613 2099 2708 earumdem
2137 2641 2315 2692 cum
2359 2616 2713 2694 omnibus

516 2723 674 2802 suis
727 2717 1157 2799 utilitatibus
1212 2718 1453 2797 eidem
1513 2718 1856 2821 Capitulo
1916 2720 2234 2798 Budensi
2293 2727 2713 2810 statuissent

518 2846 891 2934 perpetuo
935 2823 1358 2930 possidere,
1414 2845 1720 2920 tenere,
1780 2828 2055 2928 pariter
2103 2827 2530 2922 ethabere,
2583 2831 2712 2904 da·

521 2955 680 3012 rum
727 2949 937 3007 sexto
990 2931 1109 3006 die
1172 2930 1319 3008 diei
1374 2931 1831 3008 executionis
1888 2937 2457 3037 premissorum,
2515 2960 2713 3011 anno

533 3041 826 3116 Domini
879 3037 1272 3114 millesimo
1346 3037 2114 3142 quadringentessimo
2173 3040 2709 3122 sextodecimo.

522 3145 816 3239 Quibus
855 3146 1295 3251 presentatis
1329 3145 1502 3250 quia
1550 3172 1645 3220 ex
1685 3146 1876 3222 serie
1929 3147 2331 3225 earundem
2379 3155 2710 3256 ¹prescri-

527 3255 639 3359 pti
670 3271 924 3330 noster
958 3252 1442 3352 annotatique
1485 3249 1909 3330 Conventus
1947 3252 2420 3356 Simegiensis
2472 3257 2710 3332 homi·

527 3387 659 3437 nes
712 3359 1139 3464 prescriptis
1195 3357 1535 3435 videlieet
1565 3358 1903 3463 partibus
1963 3358 2341 3465 deputati,
2415 3362 2489 3438 in
2554 3369 2716 3468 press

525 3468 807 3571 scripto
860 3489 996 3564 per
1058 3489 1195 3541 nos
1226 3464 1316 3539 ad
1357 3463 1502 3540 hoc
1544 3468 1900 3566 deputato
1941 3465 2264 3544 termino
2302 3471 2392 3546 ad
2452 3472 2714 3547 faciem

529 3573 727 3648 dicte
767 3572 1125 3674 portionis
1162 3573 1728 3673 possessionarie
1766 3567 2380 3652 Budavarimuzth
2404 3635 2427 3668 ,
2484 3595 2715 3656 anno·'

527 3682 661 3754 tati
709 3674 1023 3780 Capituli
1080 3677 1438 3753 Budensis
1493 3677 1962 3767 convocatis.
2013 3686 2586 3777 commetaneis,
2642 3702 2718 3761 et

488 3784 829 3875 -vicinis,
888 3782 1335 3888 prefatisqne
1400 3782 1734 3868 Ladislao
1790 3786 2127 3883 Jacobo,
2204 3807 2276 3866 et
2322 3789 2712 3882 Emerico,

531 3917 619 3968 ac
659 3886 968 3965 Nicolao
1011 3890 1388 3984 Custode,
1447 3908 1521 3966 et
1563 3892 1863 3979 Decano
1905 3897 2511 3998 procuratoribus
2553 3900 2720 4004 ipsi·

530 4024 618 4077 us
658 3996 970 4103 Capituli
1015 3994 1368 4073 Budensis
1407 3998 1870 4104 presentibus
1901 4004 2300 4097 accesisse,
2356 4004 2711 4080 eandem-

532 4131 684 4212 que
722 4130 861 4210 per
896 4120 1123 4203 metas
1158 4106 1628 4208 prescriptas,
1667 4106 1938 4209 plagas,
1970 4126 2045 4182 et
2078 4109 2235 4185 loca
2270 4136 2526 4186 earum
2572 4139 2721 4188 ser·

530 4210 794 4288 vando.
873 4203 1077 4286 Idem
1115 4228 1552 4310 procurator
1599 4210 2042 4315 Capitularis‘
2080 4218 2152 4290 in
2202 4211 2418 4294 terris
2467 4219 2722 4296 arabi·
