2875 4842
670 431 827 501 620

555 637 906 713 iuuemus
922 648 1184 711 mutuo
1203 632 1283 707 in
1316 629 1663 708 omnibus
1694 628 2257 711 necessitatibus
2287 627 2783 710 imminenti-

556 740 702 819 bus
755 736 1118 818 indefesse
1139 794 1162 835 ‚
1233 734 1329 813 ad
1378 763 1529 841 que
1595 740 1817 814 etiam
1868 757 2111 817 vestra
2150 740 2617 845 ,fraternitas
2693 761 2773 814 se

555 849 861 952 stringat
904 866 979 925 et
1016 846 1378 951 promisso
1402 902 1423 940 ,
1481 862 1705 947 prout
1741 842 1834 919 ad
1868 843 2057 927 hanc
2091 849 2538 923 societatem
2586 871 2769 949 per-

553 954 781 1049 tinet,
840 951 1329 1031 fraternaliter
1395 953 1740 1057 alligabit.
1810 949 1940 1026 Sic
1999 952 2219 1045 habet
2265 970 2527 1030 vestra
2590 978 2770 1027 cara

552 1061 972 1141 fraternitas
994 1059 1389 1160 quemdam
1411 1085 1692 1135 nouum
1712 1057 1993 1135 nodum
2027 1063 2295 1165 quibus
2329 1060 2564 1135 simul
2608 1057 2771 1163 glu-

553 1169 924 1259 duamur,
978 1186 1058 1244 vt
1103 1168 1274 1242 licet:
1313 1166 1924 1270 inscriptionibus
1989 1185 2066 1241 et
2114 1165 2559 1244 foederibus
2626 1189 2766 1268 per
2868 1140 2874 1249 ἱ

552 1302 690 1351 nos
714 1272 992 1350 dudum
1025 1274 1227 1351 initis
1262 1272 1475 1348 nobis
1500 1274 1821 1348 inuicem
1852 1298 2296 1351 succurrere
2323 1278 2764 1349 teneamur.

548 1381 836 1457 Tamen
873 1381 1080 1457 istius
1114 1380 1483 1457 societatis
1516 1396 1767 1455 nostre
1810 1383 2117 1465 racione
2144 1383 2332 1456 alter
2375 1381 2757 1471 alterum,

483 1570 490 1575 ,
548 1507 626 1567 et
666 1488 1082 1565 alterutrius
1120 1483 1378 1561 viduas
1414 1502 1494 1562 et
1530 1484 1903 1589 orphanos
1937 1503 2193 1564 mutua
2228 1484 2756 1563 vicissitudine

549 1593 1153 1701 quandocunque
1189 1593 1529 1698 requisiti
1565 1610 1643 1668 et
1678 1593 2007 1670 inuocati
2040 1593 2393 1672 fuerimus
2433 1590 2757 1668 nullate·

548 1728 690 1779 nus
726 1700 1116 1794 deserere,
1169 1699 1299 1775 sed
1339 1697 1656 1774 fideliter
1689 1697 2120 1795 defensare,
2175 1718 2252 1778 et
2288 1700 2383 1777 ab
2424 1698 2751 1803 impeti-

543 1806 843 1885 toribus
878 1833 1312 1912 preseruare
1346 1823 1716 1881 tenemur.
1761 1809 1853 1882 Et
1892 1823 1972 1881 vt
2008 1807 2145 1884 hec
2181 1809 2496 1884 societas
2530 1803 2743 1908 apud

552 1940 688 1992 vos
727 1914 818 1990 ad
852 1912 1145 1991 laudem
1179 1917 1317 1989 Dei
1348 1910 1686 1989 felicibus
1729 1917 2138 2015 augmentis
2173 1913 2558 2019 proficiat,
2600 1912 2745 1987 da-

485 2102 500 2109 „
549 2044 714 2097 mus
747 2032 990 2100 v'estre
1028 2018 1467 2097 fraternitati
1495 2036 1757 2096 tenore
1793 2022 2267 2124 presencium
2312 2018 2739 2113 licenciam,

543 2144 627 2205 et
660 2128 973 2204 liberam
1006 2127 1421 2203 facultatem
1472 2127 2017 2230 principatuum
2058 2145 2139 2203 et
2190 2144 2563 2203 terrarum
2598 2151 2740 2201 ve-

553 2249 872 2311 strarum
915 2234 1290 2338 Principes
1329 2234 1697 2324 Ramnes,
1752 2252 1839 2309 ac
1882 2234 2062 2310 alios
2097 2235 2300 2310 viros
2331 2257 2741 2339 generosos

550 2341 855 2419 Nobiles
889 2330 963 2417 et
1006 2341 1206 2417 bone
1243 2341 1479 2430 fame,
1536 2346 1631 2414 ac'
1660 2340 1741 2413 in
1795 2339 2189 2418 virtutibus
2244 2353 2733 2417 conuersatos

549 2446 644 2522 ad
679 2448 1091 2543 huiusmodi
1127 2440 1558 2523 societatem
1603 2445 2080 2551 acceptandi,
2137 2462 2324 2552 q'uos
2364 2446 2735 2553 placuerit

549 2557 1066 2656 acceptandus,
1101 2559 1232 2658 qui
1265 2554 1488 2631 etiam
1513 2553 1942 2657 promittant
1978 2552 2731 2659 prescriptos-articu-

550 2660 662 2734 los
698 2660 1227 2737 inuiolabiliter
1259 2660 1689 2737 obseruare.
1732 2661 2064 2764 Accipite
2106 2665 2335 2765 igitur
2352 2659 2728 2737 carissime

546 2764 781 2841 freter
798 2780 1010 2870 grato
1032 2771 1277 2843 animo
1300 2767 1611 2842 fraterni
1640 2765 1819 2842 doni
1850 2768 2364 2845 munusculum
2384 2826 2409 2859 ‚
2444 2785 2520 2842 et
2555 2792 2726 2842 cnm

547 2908 657 2931 —··
710 2913 816 2929 —-
869 2916 976 2933 —-
1030 2901 1172 2947 vna
1213 2898 1384 2949 cum
1452 2872 1879 2949 Conthorali
1930 2886 2171 2974 vestra
2224 2878 2595 2951 carissima
2652 2888 2723 2947 et

548 2978 699 3074 his,
775 3008 986 3085 quos*
1014 2979 1310 3055 duxerit
1358 2977 1852 3083 adoptandos,
1928 2998 2036 3038 -ὲ-
2110 3020 2221 3038 —
2287 2980 2724 3057 dileccionis

546 3087 765 3165 nobis
800 3100 1108 3164 munere
1149 3086 1537 3163 destinato.
1600 3088 2069 3191 Presencium
2116 3091 2254 3164 sub
2293 3109 2549 3166 nostre
2582 3115 2719 3161 ma·

545 3192 820 3270 iestatis
854 3196 1108 3299 ‘sigillo
1150 3194 1573 3270 testimonio
1617 3194 2054 3275 litterarum.
2110 3196 2381 3273 Datum
2432 3192 2718 3270 Posonii

548 3299 771 3378 Anno
816 3303 1118 3378 Domini
1168 3299 1558 3377 Millesimo
1599 3301 2331 3407 quadringentesimo
2367 3303 2710 3406 vigesimo

546 3408 753 3483 nono
803 3406 923 3486 dte
961 3452 1069 3469 ——
1104 3408 1515 3482 —-·Mensis
1560 3410 1913 3511 Augusti,
1969 3420 2373 3512 regnorum
2416 3426 2707 3485 nostro-

547 3538 715 3586 rum
751 3514 974 3591 Anno
1020 3515 1393 3620 Hungarie
1430 3530 1572 3588 etc.
1633 3516 1899 3592 XLIII.
1955 3516 2471 3594 Romanorum
2520 3514 2708 3593 XIX.

544 3633 621 3691 et
679 3618 1029 3699 Bohemie
1104 3623 1499 3721 Decim0.“
1555 3662 1658 3677 --
1713 3622 1836 3698 Ad
1894 3624 2321 3701 mandatum
2366 3624 2440 3699 d.
2497 3621 2710 3725 Regis

546 3724 823 3827 Caspar
864 3727 1104 3809 Slik.“‚
1152 3730 1238 3805 L.
1297 3728 1375 3803 S.
1433 3728 1844 3832 pendentis.

607 3845 726 3906 ‘Ex
745 3849 1045 3925 originali
1076 3854 1284 3914 Musei
1308 3854 1632 3913 nationalis
1666 3854 2003 3929 exscripsit
2032 3850 2211 3913 Pera.
2251 3853 2484 3914 Miiller
2508 3852 2704 3912 Actor.

726 3950 933 4014 Muse.
977 3959 1132 4014 tomo
1169 3960 1220 4017 1.
1263 3974 1328 4033 p.
1361 3956 1508 4021 184.
1551 3973 1681 4030 sqq.
1726 3954 2196 4034 Expugnattone
2226 3957 2435 4016 Castri
2464 3956 2703 4017 Kolan-

710 4054 860 4115 bacz
897 4058 1136 4117 frustra
1165 4075 1319 4118 anno
1360 4060 1557 4135 priori
1591 4060 1858 4135 tentata,
1903 4062 2315 4119 annum·hunc
2351 4061 2413 4118 in
2459 4058 2703 4136 expedi·

726 4162 890 4224 tione
921 4181 1142 4227 rursus
1175 4166 1238 4224 in
1263 4143 2036 4244 Remmiam-suscipienda
2062 4168 2312 4244 exegit}
2370 4167 2699 4245 importuna
