2875 4842
2087 456 2237 577 ω

161 657 302 763 bys
331 662 453 753 sic
492 664 860 767 requisitis
914 679 994 751 et
1024 660 1498 770 interrogatis
1524 663 1811 770 preffita
1846 662 2144 769 domina
2194 666 2344 747 Ka·

159 766 468 846 thet-ina
493 768 1164 872 relicta-quondam
1199 768 1484 847 domini
1506 775 2025 850 Bonauentura
2059 771 2154 850 de
2187 772 2346 852 Sal·

161 893 239 951 to
276 875 421 952 bac
443 874 580 977 ‚die
611 881 687 954 in
716 878 866 952 mei
902 891 1170 977 notnry
1199 879 1480 983 publici
1500 898 1600 957 ‘et
1635 882 1929 957 testium
1967 876 2349 958 infrascri-

156 999 474 1084 ptorum
517 985 921 1087 presencia,
977 1008 1130 1057 non
1162 984 1238 1057 ui
1277 1008 1417 1059 nec
1453 1003 1688 1063 metus
1727 1012 1986 1078 causa,
2036 1010 2168 1064 seu
2204 987 2341 1065 do-

158 1088 230 1163 lo
263 1089 619 1180 inducta,
673 1091 802 1164 sed
844 1115 973 1167 sua
1009 1089 1203 1162 bona
1247 1106 1650 1192 spontanea
1685 1100 1761 1169 et
1799 1091 2033 1169 libera
2084 1096 2343 1170 volun·

156 1211 302 1272 tate
345 1225 544 1300 pure
596 1195 830 1273 libere
869 1216 947 1273 et
982 1196 1221 1273 solute
1268 1224 1357 1271 ac
1388 1196 1819 1300 simpliciter
1863 1215 2177 1303 propter
2211 1198 2333 1297 de·
2412 1246 2420 1257 ,

129 1318 275 1379 'um
311 1329 626 1408 sperans
667 1329 748 1380 se
786 1303 1226 1408 participem
1266 1299 1360 1378 de
1414 1302 1783 1378 omnibus·
1813 1302 2027 1381 bonis
2075 1332 2224 1411 que
2256 1303 2336 1381 fi·

154 1427 283 1487 unt
312 1437 464 1515 per
498 1412 782 1488 cultum
810 1410 1148 1486 diuinum
1198 1408 1599 1507 cantando,
1654 1411 1982 1508 orand‘o,
2037 1413 2114 1487 in
2149 1437 2335 1514 pre-

152 1511 295 1591 fata
329 1516 617 1622 capella
648 1519 986 1620 corporis
1024 1514 1198 1608 Xti,
1252 1513 1435 1592 dixit
1465 1515 1649 1592 fassa
1686 1515 1830 1593 fuit
1859 1535 1940 1595 et
1975 1543 2326 1621 expresse

149 1626 493 1721 asseruit,
550 1624 763 1731 quod·
798 1612 1207 1727 predictam
1244 1619 1683 1700 diuisionem
1724 1627 1828 1701 sic
1869 1622 2186 1721 factam,
2236 1653 2333 1705 ex

152 1750 352 1807 certa
406 1737 572 1809 eius
618 1731 969 1825 scientia,
1022 1753 1112 1805 ac
1170 1755 1356 1832 pura
1415 1727 1835 1824 voluntate,
1890 1746 1968 1806 et
2015 1728 2330 1836 proptffr

147 1840 391 1916 anime
445 1865 583 1916 sue
636 1839 946 1917 salutem
999 1853 1235 1913 ratam
1288 1852 1571 1917 teneret
1603 1853 1831 1942 atque
1870 1835 2196 1935 firmam,
2250 1855 2329 1919 et

147 1943 385 2048 ipsum
422 1970 607 2053 sepe
654 1944 935 2021 dictum
974 1941 1433 2045 Stephanum
1476 1942 1826 2020 redderet
1863 1944 2199 2048 quietum
2234 1947 2316 2021 li·

147 2044 406 2129 berum
444 2070 525 2130 et
557 2051 880 2129 solutum
909 2106 931 2146 ,
984 2052 1351 2127 et²omnes
1385 2072 1848 2151 successores
1877 2075 2095 2140 suos,
2155 2079 2328 2156 pro·

147 2160 434 2235 mittens
468 2156 704 2245 michi
748 2159 1120 2264 prelibato
1158 2156 1497 2250 notario,
1550 2157 1944 2260 recipienti
1977 2173 2054 2234 et
2091 2161 2319 2263 stipu-

146 2261 315 2343 lanti
349 2268 658 2344 nomine
694 2283 768 2343 et
793 2267 960 2343 vi‘ce
992 2260 1324 2340 omnium
1368 2284 1695 2364 quorum
1724 2263 2075 2360 interest,
2106 2281 2183 2342 et
2214 2265 2321 2341 in·-

147 2375 401 2450 tererit
432 2389 513 2449 et
551 2375 631 2449 in
671 2373 1003 2451 futurum
1041 2373 1316 2478 poterit
1349 2369 1747 2462 interesse,
1799 2370 2160 2475 prefatam
2195 2370 2323 2449 di-

147 2479 503 2556 uisionem
541 2493 617 2555 et
647 2481 931 2585 singula
969 2477 1305 2584 predicta
1352 2502 1650 2581 semper
1676 2490 1832 2552 rata
1869 2474 2203 2565 habere,·
2240 2499 2318 2559 et

148 2594 435 2682 tenere,
491 2592 582 2662 a'c
616 2586 1019 2663 obseruare
1059 2602 1137 2661 et
1176 2608 1331 2661 non
1367 2601 1631 2659 contra
1668 2582 1920 2660 facere
1958 2584 2082 2660 vel
2106 2584 2320 2662 “veni-

145 2715 224 2764 re
261 2720 400 2798 per
434 2719 520 2771 se
556 2693 676 2769 vel
708 2692 860 2799 per'
884 2694 1148 2785 alium,
1201 2715 1334 2766 seu
1365 2689 1549 2765 alios
1582 2693 1804 2768 tacite
1841 2716 1982 2768 nec
2023 2716 2315 2794 expres-

143 2818 216 2872 se
248 2825 379 2878 seu
413 2800 623 2876 litem
661 2825 1004 2894 mouere,
1057 2824 1198 2875 nec
1234 2799 1570 2874 mouenti
1605 2799 2024 2875 consentire
2053 2798 2311 2904 aliquo

144 2904 355 2984 modo
387 2932 608 2985 causa
643 2905 762 2984 vel
803 2909 1145 3012 ingenio.
1202 2901 1296 2978 de
1335 2904 1614 3006 quibus
1651 2902 1990 2982 omnibus
2041 2923 2118 2982 et
2170 2907 2315 2982 sin·-

145 3011 320 3112 gulis
357 3013 797 3116 supradictis
843 3011 1169 3118 prefatus
1212 3008 1558 3085 dominus
1609 3006 2029 3114 Stephanus
2084 3011 2315 3089 Vlrici

145 3118 671 3216 prebendarius
702 3136 960 3225 petens
979 3119 1120 3195 sibi
1152 3139 1287 3220 per
1315 3140 1435 3191 me
1465 3114 1628 3191 fieri
1662 3117 2312 3217 vnum'publicum

144 3221 701 3306 instrumentum
759 3253 894 3304 seu
942 3228 1463 3315 instrumenta,
1518 3224 1898 3326 perpetuis
1954 3221 2314 3326 tempori*

146 3325 275 3405 bus
311 3334 790 3429 duraturum,
845 3333 1395 3410 seu'duratura.
1482 3329 1665 3405 Acta
1706 3345 1878 3405 sunt
1916 3328 2053 3404 hec
2085 3355 2312 3433 poso-

149 3442 241 3536 n‘y
290 3436 367 3513 in'
430 3443 658 3520 domo
708 3441 1114 3521 situationis
1169 3433 1547 3542 praedicte
1601 3432 1881 3539 capelle
1948 3434 2310 3538 Corporis

147 3539 266 3617 Xti
304 3547 527 3628 Anno
566 3548 982 3625 Indictione
1018 3545 1137 3621 die
1172 3542 1446 3627 mensis
1468 3552 1555 3618 ‘et
1589 3540 1812 3633 hora,
1846 3539 2309 3641 pontificatu,

148 3648 401 3751 quibus
438 3666 702 3759 supra,
760 3652 1225 3756 presentibus
1265 3648 1821 3726 honorabilibus
1868 3666 1943 3723 et
1979 3649 2313 3751 prouidis

149 3756 309 3830 viris
348 3752 699 3865 Magistro
748 3751 1178 3838 Bernhardo}
1212 3758 1525 3834 ecclesie
1567 3756 1802 3831 sancti
1850 3754 2152 3833 Martini
2189 3754 2313 3830 ali-

155 3882 223 3932 as
274 3871 500 3944 sancti
570 3866 972 3946 Saluatoris
1033 3870 1109 3942 in
1155 3866 1474 3973 posonio
1534 3858 1915 3947 canonico
1967 3879 2047 3967 et
2088 3864 2309 3963 paulo

152 3966 460 4050 eiusdem
496 3976 803 4053 ecclesie
834 3992 1311 4069 succentore,
1350 3995 1439 4046 ac
1479 3968 1819 4047 Johanne
1851 3968 2052 4046 dicto
2092 3963 2312 4044 Chat-

153 4074 467 4181 zenbury
501 4081 732 4174 laico,
784 4081 878 4159 ad
915 4083 1265 4188 premissa
1297 4079 1575 4157 vocatis
1617 4076 2038 4184 specialiter
2072 4092 2150 4152 et
2193 4102 2310 4153 ro·

156 4179 321 4276 gatis
342 4235 367 4277 ‚
418 4186 587 4285 (tria
622 4187 877 4289 liliu).“
