2875 4842
2061 450 2215 520 457

917 660 1204 735 Anno
1265 667 1301 733 1
1338 662 1544 736 403.

1000 845 1448 924 CCXXXV.

145 988 282 1058 σῳ.
320 986 581 1039 Nonus«
642 982 841 1038 lim-as
891 983 1133 1038 Dos-»in
1188 988 1284 1040 eun·
1332 982 1624 1041 nana-alia
1665 984 2039 1041 landiola}
2095 985 2319 1060 rogis

334 1075 789 1148 Hungariae
826 1072 1061 1128 exhihu-
1132 1074 1200 1129 A.
1243 1074 1405 1130 1403.

333 1186 492 1261 Nos
535 1183 949 1289 Capitulum
983 1186 1412 1261 universum
1456 1183 1823 1267 Nouensis
1869 1185 2319 1266 cathedralis

135 1290 515 1369 Ecclesiae
546 1292 782 1368 sancti
812 1291 1145 1367 Anselmi
1170 1344 1191 1384 ,
1229 1292 1575 1370 omnibus
1613 1312 1688 1370 et
1729 1294 2031 1395 singulis
2064 1293 2317 1373 christi

136 1397 482 1476 fidelibus
521 1416 671 1475 tam
705 1396 1245 1505 praesentibus,
1285 1427 1510 1503 quam
1538 1398 1806 1478 futuris
1848 1416 2317 1504 praesentem

135 1502 484 1610 paginam
517 1506 961 1609 Inspecturis
992 1530 1127 1581 seu
1164 1507 1382 1597 etiam
1421 1504 1819 1601 audituris,
1877 1505 2206 1583 Salutem
2238 1524 2315 1584 et

132 1614 447 1714 gratiam
486 1613 837 1714 omnique
892 1651 997 1667 -
1048 1652 1158 1668 —
1191 1654 1296 1669 —
1331 1611 1754 1691 felicitatem
1795 1611 2190 1695 iocundam
2229 1614 2314 1691 in

131 1719 513 1821 genitricis
545 1721 866 1821 Virginis
894 1717 1172 1794 Mariae
1206 1718 1406 1796 filio..
1443 1720 1562 1795 Ad
1617 1724 2131 1799 universorum
2166 1738 2315 1799 n'o·

137 1827 373 1902 titiam
391 1844 470 1901 et
494 1844 931 1929 perpetuam
971 1850 1110 1925 rey
1126 1828 1585 1920 memoriam,
1628 1825 1892 1905 harum
1916 1828 2106 1904 serie
2148 1854 2314 1932 per⁴

135 1936 406 2017 uenire
439 1934 820 2028 volumus,
873 1957 961 2009 ac
995 1932 1461 2009 manifestum
1496 1934 1843 2030 facimus,
1900 1933 2315 2014 et'confite·

130 2066 348 2135 mur,
402 2038 610 2141 quod
648 2038 742 2113 ad
782 2041 1012 2117 nostri
1042 2039 1533 2143 personaliter
1566 2040 1930 2118 accedens
1960 2067 2314 2145 praesen·
2352 2084 2363 2095 ·

131 2148 318 2224 tiam
359 2149 468 2223 vir
511 2145 776 2221 nobilis
809 2145 1155 2221 Nicolaus
1190 2147 1509 2223 condam
1546 2147 1945 2250 Theodosy
1980 2146 2075 2225 de
2108 2147 2314 2225 Sibi-

128 2256 354 2349 nico,
409 2268 781 2355 tamquam
823 2252 1290 2359 specialis
1333 2256 1794 2347 nuncius,
1832 2272 1911 2333 et
1949 2255 2313 2331 ambaxia-
2348 2302 2367 2325 .

128 2380 260 2441 tor
307 2359 835 2445 universitatis,
870 2360 1249 2437 communi
1288 2359 1627 2435 Ciuitatis
1664 2360 2146 2438 Sibinicensis
2185 2388 2314 2437 no-

128 2469 253 2544 bis
291 2464 722 2562 actualiter,
776 2477 852 2541 et
886 2464 1206 2568 benigue
1245 2464 1638 2568 quamdam
1680 2465 1961 2543 literam
1996 2466 2310 2570 priuile-

124 2575 403 2680 gialem
441 2571 830 2675 produxit,
886 2590 962 2649 et
1003 2572 1499 2676 praesentauit
1540 2572 2002 2649 Sei-cnissimi
2039 2574 2312 2673 princi·

124 2684 250 2789 pis
301 2698 379 2758 ct
428 2680 709 2756 domini
766 2676 993 2756 nostri
1058 2679 1401 2755 naturalis
1458 2676 1743 2756 domini
1795 2679 2133 2781 Ladislay
2181 2681 2306 2757 dei

121 2788 367 2894 gratia
423 2790 856 2889 Regnorum
918 2786 1379 2891 Hungariae,
1454 2787 1863 2864 Jerusalem
1890 2844 1911 2881 ,
1965 2783 2259 2863 Siciliae
2284 2844 2311 2884 ,

126 2896 581 2987 Dalmatiae,
653 2893 1042 2985 Croatiae,
1104 2912 1243 2969 etc.
1304 2894 1532 3000 Regis
1574 2894 2094 2990 Illustrissimi,
2150 2921 2312 2999 pe-

125 3020 159 3080 t
181 3028 232 3079 e
260 3031 310 3077 n
335 3028 369 3076 s
395 3030 446 3091 ,a
481 3000 693 3077 nobis
714 2999 1050 3100 diligenti
1082 3026 1390 3103 precum
1427 3027 1598 3077 cum
1630 3004 1975 3086 Instantia
2003 3027 2140 3104 per
2172 3026 2310 3078 nos

125 3110 661 3211 transumptari
702 3107 1048 3183 mandare
1084 3109 1442 3183 autentica
1482 3108 1693 3183 litera
1718 3111 1952 3184 nostri
1990 3106 2309 3208 Capituli

67 3220 72 3227 ’
124 3217 517 3315 consueti,
576 3242 802 3317 quam
837 3215 1123 3288 literam
1178 3216 1674 3318 comperimus
1731 3241 1881 3288 non
1923 3213 2306 3303 abolitam,

123 3351 292 3398 non
329 3323 706 3415 abrasam,
763 3345 916 3395 non
975 3320 1490 3416 cancellatum,
1561 3346 1700 3395 nec
1757 3320 1836 3393 in
1897 3320 2141 3423 aliqua
2194 3320 2309 3397 sui

124 3447 347 3535 parte
386 3432 722 3504 viciatam
748 3485 770 3524 ,
825 3428 1082 3527 sicque
1114 3432 1314 3503 omni
1357 3454 1655 3530 prorsus
1693 3428 1871 3502 vitio
1935 3444 2009 3502 et
2061 3427 2311 3528 suspi-

127 3539 346 3629 tione
390 3553 807 3627 carentem,
880 3533 1112 3634 sigillo
1156 3534 1490 3638 dupplici
1550 3532 1786 3637 Regio
1843 3559 2170 3636 appenso
2229 3548 2307 3607 et
2388 3610 2392 3615 ,

127 3670 350 3718 more
383 3643 661 3745 Regiae
702 3643 965 3717 Curiae
1005 3640 1456 3716 roboratam.
1497 3642 1714 3716 Cuius
1758 3638 2061 3741 quidem
2093 3656 2317 3715 tenor

132 3748 598 3855 dignoscitur
636 3750 798 3824 sore
828 3749 1020 3824 talis:
1055 3746 1429 3823 Ladislaus
1465 3746 1582 3820 dei
1608 3750 1835 3848 gratia
1869 3747 2317 3848 Hungariae«,

125 3855 594 3943 Jerusalem,
651 3855 989 3944 Siciliae,
1055 3855 1498 3945 Dalmatiae,
1557 3854 1930 3947 Croatiae,
1986 3853 2307 3944 Ramae‚

130 3963 486 4058 Serviae,
542 3964 892 4057 Galitiae,
946 3959 1433 4036 Lodomeriae
1463 4015 1490 4049 ,
1549 3959 1994 4054 Comaniae,
2053 3960 2307 4057 Bulga·

132 4073 442 4175 n'aeque
482 4071 694 4162 Rex,
748 4068 1200 4174 provintiae,
1256 4086 1332 4144 et
1371 4066 1900 4169 forcalquery,
1955 4091 2041 4141 ac
2078 4066 2309 4168 pedi-

127 4180 406 4254 montis
435 4175 702 4260 Comes
722 4233 746 4268 ,
771 4226 780 4231 -
808 4175 1163 4253 universis
1202 4190 1627 4280 praesentes
1662 4175 1902 4250 literas
1926 4176 2302 4274 Inspectu-

319 4414 446 4585 s
803 4298 810 4331 .
