2875 4842
2071 465 2225 566 ’563

144 699 419 776 festum
452 698 650 774 beati
682 691 1060 772 Valentini
1093 696 1435 795 martyris
1493 692 1713 771 Anno
1753 698 2051 775 Domini
2092 696 2331 777 Mine'c

147 808 338 885 simo
416 801 1141 909 quadringentesimo
1206 800 1599 897 sedecimo·
1654 804 2128 908 ·Regnot·um
2195 831 2325 884 no⁴

147 929 481 1002 stt-orum
522 937 716 986 anno
759 907 1182 1011 Hungariae
1235 924 1374 983 etc.
1421 907 1602 983 XX.
1641 935 1864 986 nono.
1942 911 2329 989 Romano*

141 1045 315 1096 rum
354 1042 537 1093 vero
575 1032 808 1092 sexto.
882 1014 1042 1094 Nos
1079 1015 1328 1114 itaque
1364 1013 1718 1090 mandatis
1753 1016 2052 1091 Domini
2101 1020 2335 1097 nostri

148 1128 375 1228 Regis
408 1150 707 1228 semper
750 1118 1060 1199 obedire
1097 1119 1655 1223 cupientes,·vt
1703 1137 2086 1208 tenemur,
2142 1148 2325 1203 vna·

150 1256 324 1309 cum
372 1228 666 1336 prefato
715 1227 1178 1322 Laurencio,
1231 1223 1385 1301 filio
1442 1228 1636 1302 Petri
1671 1226 1766 1301 de
1829 1228 2026 1306 dicta
2081 1227 2338 1309 Orba·
2435 1277 2446 1294 ·

147 1337 394 1426 noch,
450 1335 747 1412 homine
802 1334 1030 1440 ipsius
1075 1334 1277 1436 regie
1325 1330 1763 1429 Maiestatis,
1815 1338 1891 1411 in
1939 1334 2336 1441 praedictis

144 1441 413 1521 litteris
468 1444 664 1519 inter
719 1437 1376 1518 alios'nominatim
1425 1439 1719 1516 coitscri
1777 1458 1897 1536 to,
1953 1443 2336 1521 bominem

142 1569 488 1629 nostrum
550 1546 894 1625 videlicet
930 1546 1345 1624 'discretum
1403 1545 1648 1624 virum
1779 1547 2108 1627 ominum
2142 1551 2317 1629 Gre-

146 1660 451 1764 gorium
507 1655 601 1730 de
659 1654 1038 1746 Dombro,
1137 1651 1345 1732 chori
1402 1651 1638 1757 ipsius
1711 1652 2026 1733 ecclesie
2078 1675 2378 1734 nostr-«¹2.¹

147 1760 769 1871 prehendat-ium,
822 1761 917 1836 ad
956 1763 1404 1865 prescriptae
1453 1760 2018 1864 inquisicionem
2057 1775 2133 1839 e't
2162 1789 2337 1840 euos

149 1871 542 1950 cacionem
611 1863 1021 1944 faciendam
1076 1882 1334 1952 nostro
1394 1891 1537 1970 pro
1594 1866 2017 1945 testimonio
2076 1866 2336 1945 fidedi-

146 2003 382 2082 gnum
425 1971 764 2076 duximus
798 1965 1334 2076 destinandum.
1393 1972 1544 2064 Qui
1585 1961 1878 2050 tandem
1911 1964 2001 2050 ad
2035 2000 2168 2051 nos
2205 2001 2337 2075 ex⁶

144 2080 331 2158 inde
371 2079 690 2166 reuersi,
729 2079 945 2157 uobis
979 2079 1455 2157 concorditer
1486 2077 1904 2160 retulerunt
1935 2107 2031 2160 eo
2064 2079 2337 2159 modo:

68 2187 75 2192 ’
147 2189 357 2296 quod
395 2193 552 2293 ipse
593 2177 821 2265 homo
860 2175 1108 2294 regius
1155 2177 1355 2263 dicto
1399 2191 1655 2264 nostro
1706 2201 2091 2292 presente,
2148 2171 2338 2268 feria

143 2296 515 2390 secunda,
572 2292 907 2400 proxima
950 2309 1120 2399 post
1166 2291 1612 2367 dominicam
1668 2295 1889 2368 ramis
1923 2293 2341 2373 Palmamn

144 2429 356 2479 nunc
395 2400 916 2510 praeteritam,
970 2417 1012 2473 a‘
1058 2386 1437 2473 nobilibus
1476 2415 1548 2473 et
1583 2398 2036 2501 ignobilibus
2074 2428 2164 2477 ae
2206 2402 2322 2476 al·-
2427 2409 2436 2414 ’

144 2512 383 2588 terius
422 2508 745 2586 cuiusuis
777 2493 1002 2606 statu's
1039 2522 1115 2583 et
1159 2502 1613 2581 condicionis
1656 2500 1949 2581 illarum
1987 2509 2320 2611 parcium

140 2616 614 2709 hominibus,
674 2638 719 2687 a
769 2609 1045 2714 quibus
1122 2611 1445 2686 licuisset
1505 2627 1581 2688 et
1626 2609 2039 2708 decuisset,
2090 2616 2331 2720 palam

140 2740 227 2801 et
287 2718 1071 2823 occulte..diligenter
1122 2714 1612 2823 inquirendo,
1669 2721 1913 2795 omnia
1971 2723 2331 2825 premissa

30 2890 39 2900 .
140 2846 226 2908 et
260 2830 526 2936 queuis
578 2826 1099 2933 premissorum
1135 2824 1420 2928 singula
1445 2877 1468 2918 ,
1518 2824 1628 2904 sic
1663 2842 1739 2899 et
1770 2824 2035 2902 eodem
2073 2824 2327 2922 modo,

138 2962 287 3042 pet·
324 2951 714 3014 annotatos
767 2931 1067 3006 Paulum
1098 2983 1123 3022 .,
1179 2931 1518 3022 Petrum,
1576 2947 1655 3007 et
1699 2927 2098 3021 Mathiam,
2154 2933 2325 3012 offi-

139 3044 369 3121 ciales
411 3044 641 3147 ipsius
689 3035 1044 3116 Jobannis
1093 3035 1219 3137 fily
1273 3037 1596 3113 condam
1639 3034 1929 3114 Nicolai
1979 3039 2322 3125 Palatini,

139 3150 243 3226 de
300 3150 596 3254 speciali
650 3142 978 3224 eiusdem
1030 3142 1385 3219 Jobanuis
1437 3140 1567 3245 fily
1626 3144 1960 3237 Palatini,
2039 3142 2322 3224 domini

139 3262 481 3362 ipsorum
536 3252 921 3334 mandato,
976 3270 1175 3340 acta,
1250 3250 1443 3325 facta
1494 3266 1569 3322 et
1619 3267 2042 3354 perpetrata
2093 3251 2318 3330 fuisse

135 3382 221 3439 et
266 3388 469 3457 esse,
526 3362 1008 3452 resciuisset,·
1047 3373 1270 3460 prout
1304 3355 1444 3460 ipsi
1485 3357 1807 3433 Domino
1853 3373 2111 3435 nostro
2159 3349 2319 3462 regi

136 3485 635 3574 conquestum
667 3466 1053 3556 extitisset,
1086 3482 1159 3539 et
1188 3478 1415 3569 prout
1447 3479 1668 3539 tenor
1700 3462 2108 3539 litterarum
2129 3467 2318 3542 eius⁴

139 3579 315 3655 dem
361 3576 634 3651 domini
698 3573 931 3650 nostri
990 3573 1176 3672 regis
1226 3572 1559 3647 continet
1612 3568 2156 3672 predictarum,
2211 3571 2318 3646 fa⁴

135 3701 258 3761 cta
301 3684 557 3786 itaque
600 3674 1019 3755 huiusmodi
1062 3678 1546 3777 inquisicione
1583 3674 2021 3780 prelibatum
2048 3675 2315 3755 Johan-3

134 3815 314 3867 nem
344 3787 575 3864 filium
613 3784 902 3863 Nicolai
955 3780 1261 3858 Palatini
1312 3780 1409 3858 de
1446 3783 1803 3884 porcione
1847 3807 1975 3858 sua
2013 3812 2312 3889 posses-

137 3899 452 3973 sionaria
512 3897 587 3970 in
655 3894 1115 3996 possessione
1172 3887 1588 3990 Zla'nyinya
1652 3903 1951 3974 vocata,
1989 3891 2305 3978 tabita,
2419 3955 2427 3962 .

136 3997 395 4081 contra
438 3999 878 4106 prelibatum
922 3991 1592 4082 Johannemfilium
1627 3994 1913 4074 Nicolai
1964 3997 2059 4073 de
2096 3997 2301 4074 Lud-
2345 4083 2350 4090 ‚

137 4108 376 4213 bregh
399 4167 419 4194 ,
473 4106 595 4183 die
636 4101 914 4185 eodeni
965 4102 1191 4179 vestri
1245 4101 1323 4176 in
1384 4102 1883 4204 presenciam,
1939 4104 2012 4178 in
2051 4102 2306 4180 sedem

145 4214 595 4294 Crisiensem
650 4213 740 4289 ad
799 4228 1094 4290 octauas
1144 4203 1310 4287 festi
1361 4203 1560 4287 beati
1614 4208 1937 4391 Geogg-y·
1966 4211 2315 4314 mai-tyris
