2875 4842
694 504 871 583 ’iu

603 744 746 799 nec
782 742 934 796 non
974 709 1158 792 duas
1192 712 1524 791 similiter
1562 728 1848 790 nostras
1871 710 2292 814 Judiciales,
2329 743 2422 794 ac
2460 714 2752 818 quintam
2823 792 2824 807 χ

604 823 834 905 modo
867 820 1084 902 simili
1129 820 1363 926 ipsius
1403 817 1834 897 Conventus
1885 821 2337 901 Zaladiensis
2383 823 2753 899 evocatori·
2823 832 2824 851 ¹

599 960 724 1026 as,
778 955 920 1007 nec
970 952 1122 1005 non
1156 945 1435 1005 sextam
1464 982 1485 1021 ,
1543 941 1618 1001 et
1661 927 2047 1031 septimam
2100 931 2476 1033 predictas
2518 929 2751 1004 litteras

601 1037 1003 1144 ‘Reginales
1041 1033 1413 1110 dilatorias
1439 1090 1457 1116 ,
1515 1059 1601 1108 ec
1631 1036 1854 1109 etiam
1894 1033 2212 1139 quedam
2263 1039 2463 1142 paria
2500 1037 2750 1112 littera-

603 1172 774 1224 rum
826 1160 1245 1220 nostrarum
1294 1140 2000 1244 prorogationalinm
2051 1140 2135 1217 in
2190 1140 2495 1243 ‘diversis
2537 1145 2750 1233 annis,

604 1268 683 1330 et
714 1248 1042 1328 terminis
1089 1246 1505 1338 confectas,
1564 1263 1637 1322 et
1682 1264 2013 1321 emanata
2058 1268 2285 1353 prout
2333 1277 2477 1355 per
2522 1250 2751 1323 litteras

470 1462 475 1473 ι
542 1398 549 1405 ·
604 1358 787 1437 dicti
810 1351 1109 1432 Domini
1131 1352 1425 1429 Nicolai
1447 1349 1540 1427 de
1581 1354 1778 1428 Gara
1813 1351 2119 1430 Palatini
2167 1353 2753 1433 informationales

602 1462 850 1545 eidem
907 1476 1446 1586 presentasset,
1504 1482 1598 1534 ex
1646 1457 1927 1564 quibus
1969 1459 2310 1565 predicte
2351 1464 2593 1539 littere
2635 1485 2751 1547 no-

603 1590 756 1652 stre
814 1566 1393 1674 adjudicatorie,
1481 1579 1555 1640 et
1622 1570 2145 1672 procuratorie
2204 1596 2294 1646 ac
2349 1566 2750 1656 Judiciales‚

605 1704 749 1755 nec
789 1701 941 1752 non
983 1671 1164 1749 dicti
1215 1670 1648 1749 Conventus
1693 1671 2140 1771 Zaladiensis
2196 1674 2752 1782 rescriptionales

605 1782 1092 1860 declaressent
1126 1834 1147 1874 ,
1213 1779 1436 1870 Quod
1498 1800 1671 1859 cum
1730 1777 2021 1855 nobiles
2098 1781 2422 1858 Domine
2485 1804 2749 1859 consors

604 1891 799 1968 Petri
835 1884 967 1987 61]
1002 1883 1364 1962 Johennis
1420 1885 1517 1962 de
1565 1881 1826 1976 need,
1883 1902 1961 1961 et
2011 1887 2266 1963 relicta
2310 1888 2599 1965 Thome
2647 1882 2752 1985 fily

608 1996 809 2074 Petri
865 1992 962 2069 de
1014 1990 1287 2087 Sauul‚
1350 1989 1500 2073 filie
1573 1988 1920 2068 videlicet
1962 1992 2170 2069 Pauli
2223 1993 2353 2096 61]
2408 1995 2636 2071 Heem
2677 1989 2749 2064 de

603 2097 898 2179 Zalzacli
945 2125 1086 2174 nec
1120 2125 1274 2175 non
1312 2097 1571 2174 'relicta
1602 2094 1955 2173 Johannis
1999 2097 2127 2200 61]
2147 2102 2430 2180 Pethur
2469 2101 2560 2180 de
2593 2103 2750 2175 Gun-

605 2209 768 2287 chel
809 2204 952 2280 filia
1014 2204 1300 2279 Thome
1355 2203 1484 2306 61]
1542 2202 1842 2279 Andree
1902 2204 1998 2278 de
2044 2204 2244 2284 dicta
2307 2208 2646 2309 Zakachy
2679 2226 2749 2278 ex

605 2314 842 2393 nobili
878 2312 1196 2387 Domina
1238 2309 1383 2386 filia
1427 2309 1742 2417 predicti
1793 2310 2028 2388 Heem
2067 2334 2510 2418 prenarrata
2540 2309 2746 2391 Domi·

606 2448 704 2499 ne
739 2436 990 2497 nostro
1039 2419 1331 2522 Regine
1374 2417 1589 2497 nobis
1685 2418 2094 2494 resentibus
2142 2422 2217 2496 in
2264 2449 2357 2498 eo
2402 2423 2750 2526 querimo-

608 2532 806 2605 niam
842 2528 1266 2601 erexissent.
1321 2520 1542 2615 Quod
1669 2525 1940 2625 agister
1993 2527 2291 2625 Petrusg
2347 2532 2649 2620 Paulus,
2692 2539 2751 2597 et

608 2633 979 2711 Johannes
1024 2629 1156 2732 61]
1194 2628 1481 2706 Nicolai
1522 2630 1648 2731 61]
1686 2630 1896 2705 Gede
1948 2630 2042 2706 de
2081 2633 2432 2738 Zakachy
2468 2635 2752 2712 similiter

613 2737 1099 2844 personaliter
1126 2734 1562 2811 adherentes
1603 2735 1778 2838 ipsis
1817 2736 2170 2834 Nicola0‚
2228 2760 2302 2818 et
2333 2740 2659 2817 Iohanne
2687 2735 2750 2811 fi·

614 2848 729 2948 lys
765 2842 1083 2947 predicti
1131 2843 1326 2916 Pauli
1358 2841 1513 2942 ÷fi1y
1553 2841 1790 2917 Heem
1829 2843 2177 2924 fratribus
2208 2874 2481 2926 eorum
2512 2847 2751 2925 defun-

616 2954 800 3045 ctis,
853 2948 947 3023 de
990 2948 1571 3050 possessionariis
1594 2948 2064 3053 portionibus
2104 2954 2538 3031 eorumdem
2577 2958 2641 3029 in
2674 2950 2754 3024 di-

572 3063 581 3073 ’
618 3075 738 3134 cta
771 3051 1086 3133 Zakachi
1143 3050 1407 3130 habitis
1453 3055 1562 3131 eis
1613 3049 1706 3130 de
1743 3053 2050 3131 Juribus
2083 3062 2417 3163 ipsarum
2449 3055 2751 3161 quartali-

618 3163 761 3244 bus
798 3163 1098 3238 minime
1126 3159 1622 3239 satisfactione
1653 3163 1980 3267 impensa
2014 3169 2627 3268 potencionaliter
2655 3188 2751 3237 ex-

623 3271 1033 3350 elusissent.
1120 3269 1153 3344 1
1211 3294 1436 3370 saque
1485 3268 1860 3371 Reginalis
1910 3266 2292 3350 Serenitas
2341 3276 2557 3352 nobis
2593 3274 2754 3350 inter

624 3378 815 3482 ipsas
853 3391 1102 3482 partes
1190 3372 1514 3448 udicium
1542 3428 1564 3467 ‚
1618 3393 1697 3450 et
1734 3376 1779 3448 J
1785 3377 2108 3451 usticiam
2167 3380 2636 3486 impremissis
2669 3376 2752 3451 fa·

627 3507 801 3560 cere
914 3483 1339 3587 recepisset.
1438 3481 1771 3556 Tandem
1815 3483 2141 3559 secundo
2195 3488 2315 3564 die
2362 3478 2751 3567 octavarum

626 3588 800 3666 festi
955 3589 1051 3666 ati
1115 3586 1437 3688 Martyni
1491 3586 1952 3663 confessoris
1991 3646 2011 3683 ,
2085 3596 2169 3667 In
2232 3622 2426 3674 anno
2493 3590 2755 3671 Domini

628 3692 1019 3769 millesimo
1064 3693 1588 3775 tercentesimo
1639 3700 2142 3796 octuagesimo
2190 3702 2514 3778 secundo
2558 3714 2755 3806 preta-

627 3818 911 3880 curum
954 3799 1174 3873 nobis
1228 3798 1551 3876 tribunal
1595 3799 1952 3876 Judiciale
2000 3805 2424 3903 sedentibus
2464 3807 2754 3915 predicte

520 3948 529 3959 ·
628 3907 953 3984 Domine
994 3906 1069 3979 in
1114 3923 1435 3981 nostram
1481 3906 1969 4009 personaliter
2023 3912 2456 3992 accedentes
2496 3937 2755 4020 presen-

629 4014 808 4094 tiam
869 4009 1337 4117 praemissam
1391 4035 1649 4091 earum
1712 4006 2297 4119 propositionem
2358 4024 2751 4098 reiterantes

623 4119 914 4229 prefata
971 4114 1293 4195 Domina
1344 4117 1599 4193 relicta
1647 4120 1934 4196 Thome
1987 4124 2084 4201 de
2133 4127 2358 4204 Sauul
2413 4127 2754 4233 allegasset

622 4251 894 4337 primo.
963 4222 1191 4317 Quod
1226 4225 1384 4329 ipsa
1435 4221 1642 4304 dicto
1673 4224 1956 4306 Thome
1987 4228 2267 4314 homini
2300 4233 2639 4341 ignobili,
2685 4238 2750 4304 et
