2875 4842
1178 487 1185 491 ,
1250 455 1259 488 l

1872 531 1896 564 t
2052 485 2200 557 151

163 712 296 791 gam
322 685 394 760 in
433 687 655 766 latere
691 689 1075 766 cuiusdam
1114 689 1361 769 rubeti
1396 691 1538 767 sub
1583 691 1894 788 arbore,
1948 713 2101 796 que
2141 690 2303 772 vul-

74 803 77 872 ἔ
163 821 237 894 go
283 793 540 871 dicitur
589 795 847 888 Tulfa,
896 824 1125 892 ynam
1195 815 1465 873 metam
1524 802 1976 893 erexissent,
2007 798 2302 884 abhinc

72 903 75 984 ³,
164 899 235 973 ad
277 902 575 976 eandem
622 901 906 1006 plagam
946 906 1020 979 iu
1062 903 1387 1007 quodam
1435 905 1608 980 loco
1636 960 1659 999 ,
1709 907 1837 982 vbi
1881 901 2179 980 caderet
2222 904 2301 979 in

70 1013 73 1022 “
164 1007 325 1080 viam
357 1011 774 1111 antiquam,
822 1036 1038 1085 vnam
1078 1028 1350 1088 metam
1385 1014 1828 1105 erexissent,
1879 1009 2152 1088 abhinc
2187 1035 2300 1086 su-

162 1138 271 1215 pra
304 1111 611 1190 eaodem
649 1116 842 1191 viam
871 1116 965 1192 ad
999 1136 1283 1222 partem
1322 1116 1999 1219 septemtrionalem
2052 1117 2131 1192 in
2163 1143 2300 1193 ea·-

161 1217 301 1298 dem
342 1221 495 1310 via,
556 1220 678 1296 vbi
738 1224 938 1299 circa
991 1220 1303 1299 eandem
1352 1227 1543 1298 viam
1594 1226 2014 1326 complures
2064 1240 2298 1302 metas
2397 1253 2406 1261 ·

158 1327 518 1402 erexissent
544 1381 569 1421 ,
622 1345 698 1403 et
729 1332 1158 1431 perueniret
1193 1325 1288 1403 ad
1324 1349 1560 1428 metas
1597 1329 1882 1406 Thome
1907 1386 1929 1421 ,
1984 1328 2111 1405 filii
2159 1328 2332 1404 La?

158 1427 358 1524 dishi,
411 1431 545 1508 filii
589 1431 919 1527 Matthei,
976 1436 1105 1511 vbi
1138 1465 1351 1512 vnam
1394 1454 1666 1512 metam
1712 1438 2165 1531 erexissent,
2219 1454 2296 1514 et

157 1536 247 1611 sic
278 1539 554 1616 veniret
591 1537 687 1614 ad
724 1539 956 1617 dictas
1000 1560 1149 1618 tres
1205 1561 1477 1635 metas,
1537 1539 1662 1618 vbi
1717 1544 1922 1646 prius
1976 1544 2294 1643 incepis-

153 1660 321 1736 sent,
375 1664 448 1721 et
493 1650 604 1724 sic
640 1651 1231 1727 terminarentur.
1285 1653 1370 1726 In
1424 1649 1635 1725 cuius
1695 1651 1804 1724 rei
1859 1650 2295 1726 memoriam

151 1772 707 1855 perpetuamque
774 1753 1191 1831 firmitatem
1247 1773 1628 1861 presentes
1707 1756 1949 1831 literas
2007 1772 2294 1834 nostras

148 1858 654 1963 priuilegiales,
705 1849 1072 1965 sigillique
1107 1865 1338 1938 nostri
1401 1862 1806 1936 munimine
1860 1862 2289 1950 roboratas,

150 1962 504 2068 alphabeto
563 1967 985 2053 intercisas,
1042 1966 1149 2048 acl
1192 1970 1627 2073 petitionem
1677 1968 2013 2072 parcium
2071 1968 2310 2052 duxi-,

148 2095 281 2146 mus
316 2073 865 2153 concedendas..
885 2074 1161 2149 Datum
1196 2103 1332 2180 per
1364 2077 1983 2178 manus-magistri
2015 2074 2290 2159 Alben-

149 2177 189 2251 ti
218 2178 500 2255 lectoris
544 2181 856 2257 ecclesie
894 2198 1190 2276 nostre,
1246 2183 1325 2258 in
1363 2181 1650 2257 octavis
1692 2178 1876 2257 festi·-
1912 2180 2106 2256 beati
2154 2182 2294 2253 Ja-·

145 2284 287 2359 cobi
317 2287 665 2389 Apostoli
694 2301 890 2362 anno
922 2288 1227 2378 Domini
1262 2287 1825 2365 Momm-0
1845 2342 1882 2380 „
1926 2289 2284 2391 presenti·
2347 2309 2353 2318 ·

42 2461 43 2476 ,
114 2387 257 2488 ‚bus
293 2395 466 2468 viris
519 2393 859 2471 discretis
879 2395 1236 2494 magistris
1262 2393 1481 2470 Petro
1523 2413 1863 2485 cantore,
1905 2395 2124 2468 Petro
2159 2418 2285 2465 ou-

42 2519 43 2524 ’
146 2497 363 2593 stude,
419 2500 801 2591 Ladislao,
856 2501 1240 2592 Emerico,
1268 2500 1672 2594 Michaele,
1709 2497 2065 2591 Nicolao,
2096 2524 2279 2572 mar·

144 2626 250 2696 eo,
296 2605 591 2682 Jacobo
634 2624 711 2681 et
744 2608 900 2681 aliis
941 2606 1330 2681 Canonicis
1367 2610 1443 2679 in
1483 2606 1741 2681 eadem
1781 2604 2105 2682 Ecclesia
2148 2629 2280 2678 no·
2403 2627 2409 2634 ·

144 2724 266 2785 stra
295 2712 434 2787 deo
472 2711 753 2786 deuote
794 2712 1532 2789 famulantib'ussNos
1565 2716 1853 2815 itaque,
1893 2713 2082 2787 sicut
2114 2737 2283 2814 pre·

142 2818 461 2905 mittitur,
522 2816 878 2894 mandatis
930 2817 1129 2894 dicte
1191 2818 1490 2895 domine
1562 2838 1816 2895 nostre
1885 2821 2143 2921 regine
2199 2817 2290 2893 in·

141 2926 452 2998 omnibus
486 2923 1009 3028 obtemperare
1048 2927 1469 3029 cupienteS,
1524 2943 1605 3000 vt
1646 2944 2019 3016 tenemur,
2075 2941 2275 2999 teno-

136 3050 272 3104 rem
314 3049 386 3107 et
419 3029 739 3108 formam
781 3031 1092 3133 predicti
1132 3034 1326 3135 paris
1360 3034 1732 3108 reinuenti
1774 3034 1868 3107 de
1910 3027 2148 3106 verbo
2185 3028 2281 3103 ad

136 3136 417 3212 verbum
437 3139 905 3240 presentibus
927 3140 1184 3216 litteris
1200 3142 1466 3215 nostris
1483 3139 1700 3213 inseri
1721 3133 2059 3213 faciendo
2079 3135 2280 3208 dicto
2323 3177 2330 3184 ·

137 3239 415 3321 domino
465 3242 814 3318 cardinali
874 3242 1208 3344 dedimus
1241 3244 1334 3319 ad
1381 3244 1781 3337 cautelam,
1850 3244 2089 3344 ipsum
2145 3267 2282 3343 par
2329 3287 2334 3296 ·

138 3349 485 3452 priuilegii
530 3351 762 3426 nostri
791 3352 868 3423 in
907 3352 1174 3426 dictam
1233 3355 1627 3427 sacristiam
1686 3367 2011 3426 nostram
2068 3372 2277 3423 more

136 3453 327 3529 solito
357 3475 841 3557 reponentes.
900 3461 1176 3534 Datum
1214 3449 1396 3533 fei-ia
1434 3475 1695 3563 quarta
1741 3458 2076 3559 proxima
2111 3469 2279 3557 post

136 3554 378 3637 festum
418 3565 867 3639 ascensionis
908 3564 1219 3640 Domini.
1263 3592 1458 3640 anno
1510 3563 1835 3640 eiusdem
1884 3559 2278 3637 Millesimo

138 3666 447 3744 (EGO-mo
507 3675 998 3774 octuagesimo
1046 3674 1390 3776 (Ῐιιειι-ιοέι
1447 3671 1534 3748 L.
1597 3667 1828 3770 Sigilli
1892 3668 2283 3745 dorsaliter

136 3770 466 3876 impressi.

197 3895 239 3955 Ε
268 3901 615 3961 membrana
647 3902 937 3978 originali
968 3901 1128 3961 bene
1166 3906 1551 3962 conseruata.
1600 3897 2003 3960 collectionis
2054 3898 2277 3974 Augu-

299 4005 445 4062 stini
478 4004 719 4080 stlsy.
758 4007 829 4068 In
865 4006 1045 4068 ilorso
1090 4006 1365 4082 signate:
1410 4001 1624 4063 Litera
1651 4004 1890 4066 metalis
1922 4000 2278 4078 possessio·
2335 4003 2343 4012 '

272 4115 386 4165 nes
413 4103 818 4184 Kyshotwon,
855 4124 1005 4184 quae
1037 4108 1464 4183 continguntur
1494 4106 1880 4185 possessioni
1917 4104 2286 4172 Keresztur,

301 4211 418 4274 uio
455 4213 693 4272 nomine
727 4209 1098 4275 wukuthf·
