2875 4842
653 447 810 522 460

469 662 472 671 '
545 673 745 734 terra
781 653 993 732 firm‘a
1024 678 1120 729 ex
1157 653 1568 759 parteville
1617 654 2171 732 oollevrata
2223 648 2733 744 restituimus,

542 778 623 840 et
658 764 1267 867 reasnignamus„
1292 781 1369 840 et
1402 778 1779 866 tamquam
1819 764 2077 836 eorum
2129 785 2292 835 rem
2344 758 2739 862 propriam
2772 845 2778 850 .

542 868 844 959 damus,
901 887 979 946 et
1012 868 1465 946 conferimus
1500 886 1869 973 perpetuo
1903 865 2386 979 possidenda,
2442 883 2519 939 et
2587 859 2737 937 ha-

539 974 808 1051 benda.
871 979 1064 1052 Item
1099 992 1420 1052 castrum
1457 976 1547 1051 ad
1586 1000 1933 1081 praesens
1970 972 2348 1059 conditum
2396 974 2468 1044 in
2508 970 2736 1044 terri·

538 1084 736 1159 torio
769 1101 907 1158 ‘seu
947 1078 1803 1175 districtussibinicensi,
1859 1080 2065 1181 quod
2119 1096 2467 1184 apparet,
2538 1102 2737 1181 pto·

538 1188 891 1265 mittimus
933 1216 976 1264 a
1025 1187 1296 1285 modo,
1350 1207 1440 1265 et-
1483 1213 1775 1264 exnunc
1825 1188 2128 1265 abolere
2165 1186 2598 1274 destruere,
2662 1197 2739 1257 et

538 1296 867 1372 totaliter
914 1293 1347 1373 subvertere
1394 1297 1472 1370 in
1531 1309 1848 1388 terram,
1931 1320 2072 1370 nec
2126 1290 2311 1367 illud
2361 1290 2736 1394 timpum,

538 1419 665 1476 aut
697 1402 999 1506 aliquod
1036 1400 1230 1477 aliud
1271 1403 1378 1477 ibi
1413 1428 1554 1477 nec
1585 1401 1758 1476 alibi
1804 1397 2321 1493 rehaedgfieare
2373 1414 2500 1472 aut
2546 1395 2735 1472 hae·

539 1506 856 1584 dificare.
911 1512 1101 1585 Item
1145 1507 1352 1612 quod
1395 1508 1677 1587 olacebi
1711 1508 1990 1584 domini
2034 1510 2266 1583 nostri
2310 1505 2533 1606 Regis
2562 1506 2733 1579 La·

538 1612 768 1717 dislay
801 1616 1126 1693 ,cuiusvis
1162 1614 1647 1712 conditionis,
1705 1634 1789 1692 et·
1815 1617 2249 1719 praesertim
2279 1616 2500 1715 Regis
2542 1613 2729 1688 Bos-

534 1725 824 1811 nensis‚
879 1722 1118 1811 Etiam
1170 1724 1403 1800 nostri
1469 1721 1802 1823 olacchi,
1874 1737 1949 1796 et
2002 1723 2313 1797 Comitis
2358 1717 2724 1794 Jobsnnis

537 1827 842 1903 Comitis
906 1825 1210 1923 Ostiae,
1290 1848 1710 1934 praesentes
1764 1845 1891 1904 aut
1950 1827 2180 1903 futuri
2227 1853 2375 1900 non
2432 1827 2725 1931 possint

537 1922 979 2009 descensum
1018 1932 1337 2026 babere,
1390 1962 1638 2039 neque
1679 1961 1945 2041 pascua
1984 1934 2325 2009 obtinere
2361 1934 2434 2005 in
2490 1936 2726 2007 terri-

534 2040 773 2134 tori0‚
827 2059 904 2117 et
928 2040 1267 2118 districtu
1308 2041 1757 2119 Sibinicensi
1798 2042 1952 2117 ullo
1987 2059 2328 2142 tempore
2366 2039 2502 2113 sub
2536 2065 2719 2140 poe·

437 2206 442 2209 .
534 2173 630 2222 na
659 2144 1101 2224 ducatorum
1132 2150 1623 2226 ducentorum
1664 2149 1822 2225 auri
1868 2145 2487 2252 applicandorum
2529 2149 2719 2220 Cen'·

534 2255 1044 2355 tumdomino
1079 2254 1560 2333 olaech'orum
1591 2313 1612 2351 ,
1646 2274 1742 2333 et
1803 2253 2122 2345 Centum
2186 2253 2719 2329 Communitati

532 2357 1111 2438 Sibinicensium
1159 2390 1299 2467 pro
1340 2362 1797 2467 quibuslibet
1829 2362 2143 2437 ‘olacchis
2184 2361 2392 2437 toties
2429 2359 2716 2463 soluen-

509 2466 625 2569 da
664 2469 957 2570 quoties
995 2474 1601 2547 contravenerint
1638 2488 1763 2545 aut
1797 2470 1998 2568 ipsos
2033 2467 2480 2567 contingerit
2522 2491 2714 2540 eon-

535 2578 905 2651 travenire
952 2576 1030 2650 in
1063 2578 1499 2679 praemissis,
1534 2581 1719 2653 Item
1753 2573 2008 2650 damus
2035 2576 2473 2650 auctoritate
2508 2598 2709 2676 prae·

531 2680 661 2756 fati
703 2678 982 2757 domini
1013 2686 1246 2756 nostri
1291 2685 1518 2785 Regis
1550 2685 1687 2790 ipsi
1720 2682 2241 2759 Communitati
2286 2678 2711 2755 Sibinicen·

527 2789 766 2881 sium,
824 2803 898 2861 et
952 2812 1213 2862 eorum
1250 2789 1551 2866 Judieio
1599 2790 2091 2866 submittimus
2149 2789 2352 2863 villas
2424 2789 2717 2863 Drino-

527 2894 980 2997 vilgiansem.
1004 2893 1255 2991 (lectio
1293 2892 1551 2998 dubia)
1595 2897 1882 3001 Prisap,
1922 2916 1997 2973 et
2037 2894 2423 2972 Culissichi
2455 2898 2711 2970 sic-vo-

507 3019 724 3108 ·catas
758 3026 993 3104 prope
1024 2999 1299 3079 flumen
1331 3004 1582 3079 Kerka
1631 3006 2045 3081 adiacentes
2094 3024 2263 3079 cum
2311 3003 2711 3096 omnibus,

528 3126 604 3184 et
645 3108 943 3211 singuli-s
988 3108 1314 3212 ipsarum
1353 3109 1691 3188 villarum
1725 3116 1769 3186 J
1775 3112 2072 3203 nribus,
2110 3128 2185 3185 et
2222 3111 2708 3214 pertinentJS,

525 3240 656 3293 seu
694 3216 1113 3319 adiacentys
1150 3219 1328 3292 ,Iure
1368 3222 1681 3321 proprio
1725 3220 2292 3322 inperpetuum
2318 3275 2338 3313 ‚
2396 3234 2473 3290 et
2519 3217 2709 3316 ipsas

523 3323 728 3400 villas
762 3321 1124 3398 districtui
1163 3322 1404 3399 dictae
1445 3325 1773 3403 Ciuitatis
1814 3326 2301 3400 Sibinicensis
2362 3321 2707 3424 adiungi-

521 3458 729 3522 mus,
803 3446 878 3505 et
936 3432 1420 3532 apponimus,
1497 3451 1576 3509 et
1632 3461 1770 3537 pro
1822 3431 2179 3508 adiunctis
2232 3449 2310 3506 et
2358 3431 2706 3533 appositis

521 3536 888 3612 mediante
926 3542 1418 3637 praesentium
1452 3544 1874 3616 testimonio
1909 3566 2074 3615 esse
2105 3539 2448 3614 volumus
2474 3593 2495 3627 ,
2549 3535 2704 3612 Sal-

481 3670 619 3743 ·vo
676 3645 857 3719 Jure
921 3643 1178 3717 alieno.
1259 3650 1443 3721 Item
1505 3648 1764 3723 eadem
1812 3649 2245 3726 auctoritate
2295 3645 2704 3748 Regia-Ipsi

522 3748 1052 3827 communitati
1088 3749 1586 3845 ‘Sibinicensi,
1630 3772 1703 3829 et
1738 3781 1876 3830 suo
1923 3752 2325 3846 disti-ictui,
2377 3766 2457 3828 et
2494 3752 2700 3827 Com-

518 3858 807 3933 mitatui
842 3880 928 3930 ae
963 3855 1103 3931 sub
1154 3860 1432 3935 iudioio
1470 3862 1904 3938 eor'umdem
1953 3857 2525 3934 Sibinicen'sium
2569 3857 2705 3932 ad·-

520 3966 930 4070 iungimus,
988 3981 1067 4038 et
1096 3992 1242 4069 pro
1280 3968 1639 4044 adiunctis
1683 3994 1839 4044 esse
1893 3966 2240 4043 volumus
2294 3983 2701 4067 perpetua-

515 4071 688 4148 liter
749 4095 1047 4164 omnes‚
1103 4086 1183 4147 et
1242 4073 1566 4177 singulas
1619 4074 2166 4179 possessiones,
2247 4085 2482 4147 terras
2511 4132 2538 4175 ,
2628 4085 2700 4146 et

517 4178 719 4256 bona
757 4204 1145 4284 quaequae
1180 4204 1351 4259 cum
1379 4181 1527 4259 suis
1560 4183 1863 4262 Juribus
1886 4239 1907 4280 ,
1960 4198 2041 4275 et
2074 4180 2535 4284 pertinentiis
2572 4199 2697 4282 po-
