2875 4842
2021 457 2173 555 tm,>

87 661 600 766 privilegiata
634 689 828 738 anno
865 660 1393 739 lucarnationis
1443 664 1865 740 Dominicne
1906 669 2134 740 1243.
2175 688 2285 742 se·

83 770 351 846 cundo
369 767 723 844 Calendas
750 768 1065 872 Aprilis,
1117 772 1350 871 Regni
1392 788 1638 843 autem
1675 773 1783 843 sui
1824 797 2017 845 anno
2056 772 2284 848 Oeta-

90 905 250 966 VO,
304 876 443 951 sub
480 902 622 950 suo
664 877 925 951 maiori
977 877 1397 949 authentico
1443 875 1714 975 duplici
1759 875 2106 976 pendenti
2148 878 2288 952 Si-

87 984 288 1086 gitto
320 1003 614 1058 exortas
649 1006 862 1058 suum
901 984 1370 1085 Imperialem
1412 999 1490 1057 et
1532 983 1842 1085 Regium
1880 984 1977 1059 ae'
2008 983 2289 1060 Praelu-

96 1098 362 1167 to'rum
405 1110 481 1164 et
522 1093 885 1163 Baronum
937 1113 1244 1164 suorum
1299 1088 1814 1190 produxissent
1854 1093 1929 1162 in
1966 1114 2291 1195 conspe·-

91 1216 351 1287 ctum,
408 1199 599 1272 inter
632 1214 918 1270 caetera
961 1213 1454 1297 exponentes:
1516 1194 1720 1298 quod
1774 1221 1941 1270 cum
1983 1198 2291 1275 Armeni

97 1300 770 1378 Praecedessorum
835 1303 1059 1405 ipsius
1120 1302 1417 1375 Domini
1481 1301 1699 1376 Belae
1742 1303 1967 1405 Regis
2023 1322 2100 1380 et
2157 1332 2292 1384 suo

94 1411 571 1515 temporibus
612 1415 684 1484 in
741 1404 1204 1511 strigonium
1259 1405 1347 1482 ad
1395 1406 1914 1510 hospitandum
1964 1433 2294 1513 congre-

98 1520 256 1620 gati
331 1515 800 1621 Privilegi'um
858 1540 1079 1618 super
1145 1515 1514 1589 Libertate
1580 1539 1841 1589 eorum
1906 1512 2295 1595 obtentum

95 1626 427 1699 Tartaris
469 1638 701 1699 totai'n
751 1623 1005 1695 Villam
1056 1621 1633 1723 strigoniensem
1683 1619 2048 1696 hostiliter
2096 1627 2299 1700 inva-

100 1728 455 1805 dentibus
496 1747 571 1802 et
610 1755 773 1803 eam
816 1728 1185 1817 funditus,
1242 1724 1795 1801 destruentibus
1843 1732 2291 1825 amisissent,

102 1837 268 1941 ipse
293 1836 454 1910 Bela
475 1839 636 1911 Rex
672 1834 885 1910 sicuti
922 1835 1322 1923 decuisset,
1373 1834 1637 1907 seriem
1687 1832 2070 1910 Libertatis
2107 1839 2334 1941 ipso--

102 1968 278 2019 rum
333 1970 468 2046 per
522 1942 850 2045 singulos
917 1930 1282 2015 Articulbs
1364 1966 1537 2042 prae
1621 1934 1847 2022 oeulis
1909 1937 2298 2035 habende,

109 2076 285 2124 cum
321 2048 578 2125 fuisset
616 2047 998 2125 notorium
1039 2048 1236 2149 ipsos
1277 2072 1362 2120 ea
1401 2071 1570 2121 usos
1606 2045 2021 2139 Libertate,
2060 2051 2300 2153 ipsum

106 2152 588 2259 Privilegium
642 2152 970 2229 duxisset
1028 2150 1572 2244 innovandum,
1631 2151 1835 2254 quod
1890 2155 2082 2230 inter
2141 2182 2303 2231 cae-

111 2279 278 2338 tera
318 2266 459 2337 tale
507 2254 935 2346 exstitisset,
999 2276 1075 2333 ut
1119 2255 1341 2332 iidem
1387 2261 1685 2331 Armeni
1723 2286 1889 2333 cum
1928 2260 2072 2335 suis
2104 2259 2296 2338 Mer-

111 2368 455 2444 'cimoniis
510 2364 600 2441 ad
654 2388 1180 2469 quemcunque
1249 2362 1494 2440 locum
1570 2364 2035 2442 tributarium
2087 2395 2299 2445 acce·

117 2472 428 2564 derent,
480 2475 673 2549 inter
726 2472 1116 2557 Terminos
1158 2468 1401 2572 Regni
1440 2494 1553 2543 sm
1599 2471 1873 2546 nullum
1913 2475 2300 2574 persolve-

117 2598 285 2657 rent
341 2581 757 2669 Tributum.
829 2576 1134 2665 'Quibus
1182 2576 1659 2680 praesentatis
1713 2580 2133 2681 praemissa'
2173 2610 2301 2655 an·

120 2688 389 2764 notatis
438 2688 770 2762 Dominis
842 2683 1230 2757 Nobilibus
1285 2702 1357 2759 et
1408 2680 1566 2757 aliis
1614 2684 1688 2756 in
1751 2682 1965 2760 dictis
2001 2687 2298 2765 Litteris

120 2798 338 2898 ipsius
396 2795 690 2868 Domini
749 2789 1198 2894 Sigismundi
1246 2790 1719 2895 Imperatoris
1763 2805 1838 2865 et
1887 2793 2106 2895 Regis
2173 2822 2298 2870 no-

119 2905 407 2977 minatis
450 2921 526 2978 et
567 2899 928 2974 denotatis
981 2897 1373 3000 praemissa
1435 2896 1810 2971 Litteralia
1850 2901 2298 2975 Instrumen-

124 3027 235 3101 ta,
286 3008 472 3083 facta
527 3004 1072 3112 praedictorum
1103 3001 1592 3077 Tributorum
1630 3028 1886 3077 eorum
1928 3009 2296 3109 tangentia

0 3186 6 3191 .
180 3139 261 3188 er
300 3117 535 3219 ipsum
601 3115 997 3188 Dominum
1052 3107 1597 3209 sigismundum
1636 3112 2164 3212 Imperatorem
2220 3130 2297 3191 et

122 3143 398 3323 Regem
444 3219 798 3295 exhibere
835 3216 1218 3292 commissa
1252 3241 1389 3317 per
1424 3214 1722 3290 eosdem
1769 3212 2124 3293 exhibere
2161 3246 2292 3321 po-

119 3325 546 3421 stulassent,
621 3350 866 3400 eoram
927 3320 1512 3423 DominoRege
1564 3321 2031 3421 sigismundo
2071 3340 2293 3401 ante-

126 3434 368 3528 dicto,
425 3436 692 3539 quib‘us
751 3428 1051 3536 quidem
1102 3427 1431 3501 Dominis
1482 3444 1555 3502 et
1605 3427 1999 3502 Nobilibus
2047 3450 2285 3505 caete-

117 3546 366 3646 'risque
412 3545 483 3616 in
546 3538 761 3613 dietis
815 3536 1101 3611 Litteris
1151 3535 1399 3636 Regiis
1455 3530 1994 3608 adiudicatoriis
2033 3540 2286 3612 nomi-

123 3650 326 3725 matis
364 3674 616 3722 coram
657 3648 819 3748 ipso
854 3642 1173 3718 Domino
1211 3639 1687 3741 sigismundo
1722 3643 1926 3739 Rege
1965 3667 2049 3714 ae
2077 3642 2285 3719 Prae·
2346 3706 2359 3719 .

120 3756 274 3831 latis
324 3774 398 3832 et
469 3750 875 3828 Baronibua
924 3750 1070 3823 suis
1136 3746 1620 3850 personaliter
1680 3745 2279 3844 adhaerentibus,

119 3863 245 3937 sed
289 3859 604 3937 Litteras*
649 3876 723 3931 et
780 3852 1117 3930 litteralia
1155 3850 1644 3929 Instrumenta
1681 3854 1753 3926 in
1799 3850 1994 3927 facto
2033 3854 2278 3931 tribu·

130 3987 368 4045 torum
430 3992 686 4043 eorum
742 3963 812 4036 in
869 3961 1316 4036 eontrarium
1375 3961 1984 4063 praescriptarum
2043 3963 2281 4035 Litte-

126 4103 366 4154 rarum
409 4070 968 4175 Privilegialium
1011 4069 1337 4141 annotati
1372 4064 1681 4143 condam
1729 4066 2023 4140 Domini
2056 4067 2277 4141 Belae
2382 4068 2388 4073 ’

132 4184 349 4285 Regis
390 4204 614 4284 super
671 4178 1140 4276 exemptione
1193 4176 1530 4278 ipsorum
1578 4172 1868 4247 Civium
1917 4170 2280 4249 editarum

157 4367 172 4381 ,
232 4292 440 4366 Tom.
473 4291 570 4364 X.
610 4286 779 4363 Vol.
815 4283 1007 4360 Vm.
1804 4279 1907 4353 41
