2875 4842
2022 415 2181 489 *405

88 741 241 812 Oq».
276 742 536 798 Ninica.
569 745 813 803 micam
844 746 1189 802 diuisionem
1216 747 1734 804 Nobiliumbhou
1768 746 2008 809 exhibet.
2035 747 2105 804 A.
2133 746 2288 805 1395.

185 835 196 847 ‘
300 834 460 913 Nos
500 836 917 942 Capitulum
956 838 1290 918 Ecclesie
1333 842 1729 920 Nitriensis
1768 839 2130 917 memorie
2173 864 2295 916 co-

86 940 576 1038 mendamus,
664 945 870 1048 quod
932 946 1301 1023 discretus
1366 950 1484 1024 vir
1540 938 1901 1045 Dominus
1974 945 2296 1023 Thomas

87 1045 574 1124 sacerdos·et
622 1053 975 1154 plebanus
1015 1052 1109 1128 de
1167 1053 1473 1150 Ozlian,
1541 1052 1731 1129 filius
1771 1052 2130 1158 Stephani
2201 1051 2295 1128 de

89 1153 440 1231 Leleuch
476 1156 572 1231 ab
612 1185 756 1232 una
794 1163 971 1235 item
1009 1159 1350 1237 Andreas
1373 1159 1487 1253 ‘de
1537 1158 1859 1235 Walkou
1900 1159 1997 1233 de
2036 1158 2297 1235 eadem

93 1259 435 1337 Leleuch
487 1276 561 1337 et
620 1263 873 1342 Petrus
922 1264 1109 1340 filius
1170 1266 1445 1343 Petheu
1499 1266 1835 1342 similiter
1894 1265 1989 1357 de
2036 1266 2295 1342 eadem

92 1366 435 1444 Leleuch
485 1395 623 1472 pro
685 1398 764 1447 se
821 1371 1314 1475 personaliter
1368 1392 1445 1449 et
1502 1399 1642 1473 pro
1702 1373 2016 1449 Nicolno
2063 1371 2295 1448 fratre

94 1499 240 1548 suo
288 1477 616 1570 uterino,
672 1503 840 1554 cum
886 1477 1731 1580 procuratoriis.litteris
1777 1483 2044 1556 nostris
2083 1498 2295 1583 parte

100 1606 204 1656 ex
262 1579 493 1658 altera
549 1595 800 1659 cora'm
871 1584 1085 1665 nobis
1151 1587 1637 1690 personaliter
1701 1586 2080 1662 constituti
2159 1595 2299 1690 per
2390 1626 2395 1633 ·

101 1683 412 1763 eosdem
468 1693 978 1794 propositum,
1033 1709 1110 1765 et
1157 1692 1578 1768 confessum
1645 1691 1917 1770 exstitit
1983 1693 2293 1769 oraculo

101 1794 279 1869 vive
329 1797 535 1877 vocis
574 1799 647 1873 in
702 1798 900 1891 hunc
952 1796 1257 1874 modum
1303 1798 1508 1902 quod
1562 1800 1733 1874 licet
1770 1796 2123 1874 hactenus
2166 1800 2293 1872 in·

102 1917 228 2007 ter
261 1901 461 2006 ipsos
493 1922 843 2008 pretextu
879 1906 1309 2007 portionum
1330 1907 2062 2009 possessionariarum
2097 1906 2292 2008 ipso-

105 2026 278 2082 rum
317 2009 398 2082 in
433 2011 1016 2111 possessionibus
1035 2012 1362 2088 Leleuch
1403 2011 1734 2115 predicta
1774 2037 1857 2083 ac
1896 2010 2177 2085 Jordan
2218 2029 2295 2087 et

105 2113 439 2189 Leleuch
477 2112 856 2219 Lebotaya
909 2120 1185 2194 vocatis
1229 2117 1642 2205 habitarum
1697 2115 1942 2193 litium
1983 2119 2290 2194 materie

99 2239 314 2297 mote
352 2239 427 2295 et
465 2220 735 2300 diutius
775 2223 1147 2300 ventillate
1191 2230 1631 2302 exstiterunt
1671 2232 1915 2299 tamen
1950 2223 2089 2327 ipsi
2134 2240 2291 2300 tum

97 2325 576 2403 ordinatione
631 2349 708 2407 et
761 2331 1305 2434 compositione
1360 2329 1775 2435 proborum
1812 2347 1890 2405 et
1922 2331 2291 2405 nobilium

109 2437 451 2512 virorum
501 2463 765 2540 pacem
819 2441 1139 2538 partium
1202 2437 1622 2514 Zelantium
1681 2436 1881 2511 inter
1946 2437 2289 2513 veniente

101 2560 271 2620 tum
311 2559 388 2616 et
423 2545 645 2619 ctiam
678 2571 771 2619 ex
815 2564 892 2622 et
939 2561 1020 2620 ut
1063 2544 1375 2649 amplius
1410 2561 1486 2642 et
1520 2542 1874 2646 deinceps
1914 2559 2290 2637 semutua

103 2646 514 2724 dilectione
552 2648 931 2728 fraternali
972 2654 1463 2741 convenirent
1499 2648 1840 2725 adamare
1894 2667 1971 2726 et
2036 2649 2131 2725 ad
2160 2649 2284 2723 in-

104 2758 350 2831 vicem
401 2754 895 2834 fraternaliter
935 2762 1216 2861 possint
1254 2757 1604 2863 gratulari
1636 2755 2001 2862 sepositis·
2030 2773 2108 2859 et
2160 2781 2281 2831 se·
2373 2765 2377 2768 ’

105 2860 294 2937 datis
351 2863 858 2941 universarum
921 2865 1162 2940 litium
1236 2866 1562 2940 materiis
1632 2882 1708 2941 et
1767 2854 2285 2939 controversiis
2365 2920 2370 2931 .

104 2967 490 3072 bucusque
529 2972 604 3044 in
642 2973 967 3047 medium
1000 2968 1332 3075 ipsorum
1369 2973 1587 3046 motis
1618 2988 1703 3049 et,
1738 2970 2098 3045 suscitatis
2119 2972 2285 3045 Cas-

103 3076 425 3181 satisque
478 3080 833 3155 universis
889 3079 1115 3154 literis
1163 3076 1870 3178 inquisitionalibus,
1925 3074 2284 3179 judiciali-

109 3182 249 3259 bus
293 3184 696 3261 causalibus
736 3186 894 3260 aliis
947 3186 1165 3263 etiam
1219 3184 1676 3288 quibuslibet
1717 3183 1853 3257 sub
1903 3182 2284 3285 qualicun-

110 3317 257 3395 que
310 3291 552 3373 forma
593 3294 997 3368 verborum
1057 3319 1295 3394 usque
1332 3292 1559 3367 modo
1604 3291 1799 3364 inter
1845 3315 1922 3363 se
1961 3307 2281 3363 conten·

114 3403 295 3475 tiose
354 3401 681 3476 emanat-i
741 3401 1150 3503 procuratis
1201 3422 1426 3503 super
1474 3397 1697 3473 factis
1761 3396 2285 3501 premissorum

113 3505 539 3607 portionum
577 3500 1300 3610 possessionariarum
1339 3509 1563 3607 ipsor.
1605 3500 2176 3595 concordassent
2210 3520 2284 3577 et

116 3610 657 3688 concordarunt
702 3615 932 3688 nostri
969 3614 1045 3686 in
1084 3615 1454 3716 presentia
1489 3639 1581 3684 eo
1616 3607 1845 3685 modo
1877 3608 2075 3706 quod
2114 3636 2281 3710 pre-

117 3718 293 3795 fatus
330 3719 691 3795 Dominus
735 3719 1050 3796 Thomas
1091 3719 1452 3823 plebanus
1484 3717 1587 3793 ob
1638 3741 1966 3789 amorem
2005 3714 2283 3791 frater-

122 3824 348 3903 nalem
374 3826 796 3928 portionem
835 3854 1040 3902 suam
1075 3826 1713 3932 possessionariam
1752 3840 1973 3896 totam
2006 3820 2083 3894 in
2121 3847 2281 3923 pre·

125 3929 300 4008 dicta
354 3933 811 4036 possessione
866 3934 1197 4012 Leleuch
1234 3949 1490 4006 vocata
1528 3924 1849 4005 habitam
1897 3953 2068 4005 cum
2107 3931 2301 4012 uni-⁸

128 4040 340 4119 versis
370 4040 519 4115 suis
556 4038 983 4118 utilitatibus
1017 4040 1114 4118 ad
1156 4037 1464 4115 eandem
1512 4036 1935 4141 portionem
1988 4057 2279 4143 posses-

9 4184 14 4191 ·
131 4145 504 4221 sionariam
553 4145 1056 4249 spectantibus
1116 4148 1287 4250 ipsis
1324 4186 1426 4199 —
1474 4185 1572 4211 *τ
1614 4172 2282 4197 —————
