<?xml version="1.0" encoding="UTF-8"?>
<!DOCTYPE html PUBLIC "-//W3C//DTD XHTML 1.0 Transitional//EN"
    "http://www.w3.org/TR/xhtml1/DTD/xhtml1-transitional.dtd">
<html xmlns="http://www.w3.org/1999/xhtml" xml:lang="en" lang="en">
 <head>
  <title>
</title>
<meta http-equiv="Content-Type" content="text/html;charset=utf-8" />
  <meta name='ocr-system' content='tesseract 3.04.00' />
  <meta name='ocr-capabilities' content='ocr_page ocr_carea ocr_par ocr_line ocrx_word'/>
</head>
<body>
  <div class='ocr_page' id='page_1' title='image "./codexdiplomatic00knigoog_0164.png"; bbox 0 0 2875 4842; ppageno 0'>
   <div class='ocr_carea' id='block_1_1' title="bbox 657 425 839 495">
    <p class='ocr_par' dir='ltr' id='par_1_1' title="bbox 657 425 839 495">
     <span class='ocr_line' id='line_1_1' title="bbox 657 425 839 495; baseline 0.005 -1"><span class='ocrx_word' id='word_1_1' title='bbox 657 425 839 495; x_wconf 66' lang='lat'><strong>⁹158</strong></span> 
     </span>
    </p>
   </div>
   <div class='ocr_carea' id='block_1_2' title="bbox 513 626 2846 4270">
    <p class='ocr_par' dir='ltr' id='par_1_2' title="bbox 513 626 2846 4254">
     <span class='ocr_line' id='line_1_2' title="bbox 572 626 2762 735; baseline -0.002 -29"><span class='ocrx_word' id='word_1_2' title='bbox 572 660 617 706; x_wconf 87' lang='lat' dir='ltr'><strong>a</strong></span> <span class='ocrx_word' id='word_1_3' title='bbox 662 629 889 708; x_wconf 85' lang='lat' dir='ltr'><strong>fluuio</strong></span> <span class='ocrx_word' id='word_1_4' title='bbox 935 627 1105 735; x_wconf 85' lang='lat' dir='ltr'><strong>Sajo</strong></span> <span class='ocrx_word' id='word_1_5' title='bbox 1144 633 1216 706; x_wconf 90' lang='lat' dir='ltr'><strong>in</strong></span> <span class='ocrx_word' id='word_1_6' title='bbox 1278 629 1450 707; x_wconf 90' lang='lat' dir='ltr'><strong>loco</strong></span> <span class='ocrx_word' id='word_1_7' title='bbox 1488 630 1744 708; x_wconf 71' lang='lat' dir='ltr'><strong>Koves</strong></span> <span class='ocrx_word' id='word_1_8' title='bbox 1780 626 1944 706; x_wconf 69' lang='lat' dir='ltr'><strong>Rev</strong></span> <span class='ocrx_word' id='word_1_9' title='bbox 1981 629 2403 722; x_wconf 85' lang='lat' dir='ltr'><strong>nominato,</strong></span> <span class='ocrx_word' id='word_1_10' title='bbox 2454 658 2499 703; x_wconf 89' lang='lat' dir='ltr'><strong>a</strong></span> <span class='ocrx_word' id='word_1_11' title='bbox 2543 628 2762 734; x_wconf 79' lang='lat' dir='ltr'><strong>plaga</strong></span> 
     </span>
     <span class='ocr_line' id='line_1_3' title="bbox 577 735 2846 862; baseline -0.004 -48"><span class='ocrx_word' id='word_1_12' title='bbox 577 740 918 814; x_wconf 82' lang='lat' dir='ltr'><strong>orientali</strong></span> <span class='ocrx_word' id='word_1_13' title='bbox 967 735 1466 862; x_wconf 81' lang='lat' dir='ltr'><strong>egrediendo,</strong></span> <span class='ocrx_word' id='word_1_14' title='bbox 1520 735 1610 810; x_wconf 91' lang='lat' dir='ltr'><strong>ad</strong></span> <span class='ocrx_word' id='word_1_15' title='bbox 1655 739 1940 841; x_wconf 78' lang='lat' dir='ltr'>plagam</span> <span class='ocrx_word' id='word_1_16' title='bbox 1992 735 2558 811; x_wconf 78' lang='lat' dir='ltr'>meridionalem</span> <span class='ocrx_word' id='word_1_17' title='bbox 2605 751 2762 811; x_wconf 88' lang='lat' dir='ltr'><strong>ten-</strong></span> <span class='ocrx_word' id='word_1_18' title='bbox 2845 797 2846 806; x_wconf 72' lang='grc'>,</span> 
     </span>
     <span class='ocr_line' id='line_1_4' title="bbox 577 843 2760 942; baseline 0 -24"><span class='ocrx_word' id='word_1_19' title='bbox 577 843 825 921; x_wconf 88' lang='lat' dir='ltr'><strong>dendo</strong></span> <span class='ocrx_word' id='word_1_20' title='bbox 865 849 1068 920; x_wconf 81' lang='lat' dir='ltr'><strong>venit</strong></span> <span class='ocrx_word' id='word_1_21' title='bbox 1108 843 1202 919; x_wconf 90' lang='lat' dir='ltr'><strong>ad</strong></span> <span class='ocrx_word' id='word_1_22' title='bbox 1237 873 1457 920; x_wconf 85' lang='lat' dir='ltr'><strong>vnam</strong></span> <span class='ocrx_word' id='word_1_23' title='bbox 1509 862 1785 919; x_wconf 85' lang='lat' dir='ltr'><strong>metam</strong></span> <span class='ocrx_word' id='word_1_24' title='bbox 1831 861 1979 917; x_wconf 89' lang='lat' dir='ltr'><strong>terr</strong></span> <span class='ocrx_word' id='word_1_25' title='bbox 2026 871 2184 936; x_wconf 87' lang='lat' dir='ltr'><strong>am,</strong></span> <span class='ocrx_word' id='word_1_26' title='bbox 2236 844 2439 917; x_wconf 84' lang='lat' dir='ltr'><strong>iuxta</strong></span> <span class='ocrx_word' id='word_1_27' title='bbox 2481 868 2760 942; x_wconf 84' lang='lat' dir='ltr'><strong>quem·</strong></span> 
     </span>
     <span class='ocr_line' id='line_1_5' title="bbox 574 872 2761 1055; baseline 0 -29"><span class='ocrx_word' id='word_1_28' title='bbox 574 949 749 1028; x_wconf 87' lang='lat' dir='ltr'><strong>dam</strong></span> <span class='ocrx_word' id='word_1_29' title='bbox 797 952 1127 1052; x_wconf 71' lang='lat' dir='ltr'><strong>alueum,</strong></span> <span class='ocrx_word' id='word_1_30' title='bbox 1195 957 1493 1029; x_wconf 86' lang='lat' dir='ltr'><strong>nouiter</strong></span> <span class='ocrx_word' id='word_1_31' title='bbox 1546 968 1910 1042; x_wconf 84' lang='lat' dir='ltr'><strong>erectam,</strong></span> <span class='ocrx_word' id='word_1_32' title='bbox 1966 872 2184 1024; x_wconf 62' lang='lat' dir='ltr'><strong>de</strong></span> <span class='ocrx_word' id='word_1_33' title='bbox 2102 975 2258 1055; x_wconf 87' lang='lat' dir='ltr'><strong>quo</strong></span> <span class='ocrx_word' id='word_1_34' title='bbox 2296 946 2391 1023; x_wconf 90' lang='lat' dir='ltr'><strong>ad</strong></span> <span class='ocrx_word' id='word_1_35' title='bbox 2440 950 2761 1026; x_wconf 84' lang='lat' dir='ltr'><strong>eandem</strong></span> 
     </span>
     <span class='ocr_line' id='line_1_6' title="bbox 573 1054 2759 1162; baseline 0 -31"><span class='ocrx_word' id='word_1_36' title='bbox 573 1058 861 1162; x_wconf 79' lang='lat' dir='ltr'><strong>plagam</strong></span> <span class='ocrx_word' id='word_1_37' title='bbox 910 1056 1339 1162; x_wconf 81' lang='lat' dir='ltr'><strong>pergendo,</strong></span> <span class='ocrx_word' id='word_1_38' title='bbox 1390 1059 1629 1160; x_wconf 87' lang='lat' dir='ltr'><strong>iungit</strong></span> <span class='ocrx_word' id='word_1_39' title='bbox 1658 1054 2062 1134; x_wconf 88' lang='lat' dir='ltr'><strong>secundam</strong></span> <span class='ocrx_word' id='word_1_40' title='bbox 2096 1072 2369 1131; x_wconf 88' lang='lat' dir='ltr'><strong>metam</strong></span> <span class='ocrx_word' id='word_1_41' title='bbox 2399 1074 2759 1152; x_wconf 79' lang='lat' dir='ltr'><strong>terream3</strong></span> 
     </span>
     <span class='ocr_line' id='line_1_7' title="bbox 513 1158 2761 1270; baseline -0.001 -29"><span class='ocrx_word' id='word_1_42' title='bbox 513 1259 521 1270; x_wconf 26' lang='lat'><strong>⁹</strong></span> <span class='ocrx_word' id='word_1_43' title='bbox 577 1163 673 1241; x_wconf 90' lang='lat' dir='ltr'><strong>de</strong></span> <span class='ocrx_word' id='word_1_44' title='bbox 702 1193 851 1269; x_wconf 87' lang='lat' dir='ltr'><strong>qua</strong></span> <span class='ocrx_word' id='word_1_45' title='bbox 891 1191 1291 1269; x_wconf 80' lang='lat' dir='ltr'><strong>parumper</strong></span> <span class='ocrx_word' id='word_1_46' title='bbox 1322 1164 1414 1241; x_wconf 91' lang='lat' dir='ltr'><strong>ad</strong></span> <span class='ocrx_word' id='word_1_47' title='bbox 1455 1164 1764 1241; x_wconf 87' lang='lat' dir='ltr'><strong>eandem</strong></span> <span class='ocrx_word' id='word_1_48' title='bbox 1806 1164 2093 1267; x_wconf 84' lang='lat' dir='ltr'><strong>plagam</strong></span> <span class='ocrx_word' id='word_1_49' title='bbox 2132 1158 2506 1239; x_wconf 71' lang='lat' dir='ltr'><strong>curtendo</strong></span> <span class='ocrx_word' id='word_1_50' title='bbox 2552 1163 2761 1239; x_wconf 77' lang='lat' dir='ltr'><strong>venit</strong></span> 
     </span>
     <span class='ocr_line' id='line_1_8' title="bbox 572 1265 2757 1364; baseline -0.001 -17"><span class='ocrx_word' id='word_1_51' title='bbox 572 1271 666 1347; x_wconf 84' lang='lat' dir='ltr'><strong>ad</strong></span> <span class='ocrx_word' id='word_1_52' title='bbox 727 1274 1018 1346; x_wconf 80' lang='lat' dir='ltr'><strong>tertiam</strong></span> <span class='ocrx_word' id='word_1_53' title='bbox 1075 1287 1349 1347; x_wconf 91' lang='lat' dir='ltr'><strong>metam</strong></span> <span class='ocrx_word' id='word_1_54' title='bbox 1395 1289 1750 1364; x_wconf 82' lang='lat' dir='ltr'><strong>terream,</strong></span> <span class='ocrx_word' id='word_1_55' title='bbox 1805 1270 2154 1345; x_wconf 84' lang='lat' dir='ltr'><strong>similiter</strong></span> <span class='ocrx_word' id='word_1_56' title='bbox 2179 1265 2273 1343; x_wconf 91' lang='lat' dir='ltr'><strong>de</strong></span> <span class='ocrx_word' id='word_1_57' title='bbox 2330 1295 2532 1345; x_wconf 89' lang='lat' dir='ltr'><strong>nouo</strong></span> <span class='ocrx_word' id='word_1_58' title='bbox 2587 1294 2757 1345; x_wconf 86' lang='lat' dir='ltr'><strong>ere·-</strong></span> 
     </span>
     <span class='ocr_line' id='line_1_9' title="bbox 570 1370 2755 1482; baseline -0.001 -30"><span class='ocrx_word' id='word_1_59' title='bbox 570 1396 810 1469; x_wconf 75' lang='lat' dir='ltr'><strong>ctamt,</strong></span> <span class='ocrx_word' id='word_1_60' title='bbox 866 1375 1133 1452; x_wconf 89' lang='lat' dir='ltr'><strong>deinde</strong></span> <span class='ocrx_word' id='word_1_61' title='bbox 1188 1404 1326 1482; x_wconf 88' lang='lat' dir='ltr'><strong>per</strong></span> <span class='ocrx_word' id='word_1_62' title='bbox 1367 1376 1750 1454; x_wconf 89' lang='lat' dir='ltr'><strong>modicum</strong></span> <span class='ocrx_word' id='word_1_63' title='bbox 1791 1377 2120 1481; x_wconf 85' lang='lat' dir='ltr'><strong>spacium</strong></span> <span class='ocrx_word' id='word_1_64' title='bbox 2158 1370 2584 1469; x_wconf 88' lang='lat' dir='ltr'><strong>currendo,</strong></span> <span class='ocrx_word' id='word_1_65' title='bbox 2639 1402 2755 1451; x_wconf 81' lang='lat' dir='ltr'><strong>ve-</strong></span> 
     </span>
     <span class='ocr_line' id='line_1_10' title="bbox 571 1480 2754 1602; baseline -0.001 -42"><span class='ocrx_word' id='word_1_66' title='bbox 571 1485 686 1560; x_wconf 88' lang='lat' dir='ltr'><strong>nit</strong></span> <span class='ocrx_word' id='word_1_67' title='bbox 723 1481 814 1558; x_wconf 87' lang='lat' dir='ltr'><strong>ad</strong></span> <span class='ocrx_word' id='word_1_68' title='bbox 868 1503 1203 1602; x_wconf 85' lang='lat' dir='ltr'><strong>quartam</strong></span> <span class='ocrx_word' id='word_1_69' title='bbox 1254 1503 1528 1561; x_wconf 88' lang='lat' dir='ltr'><strong>metam</strong></span> <span class='ocrx_word' id='word_1_70' title='bbox 1584 1501 1939 1577; x_wconf 87' lang='lat' dir='ltr'><strong>terream,</strong></span> <span class='ocrx_word' id='word_1_71' title='bbox 1995 1480 2086 1556; x_wconf 89' lang='lat' dir='ltr'><strong>de</strong></span> <span class='ocrx_word' id='word_1_72' title='bbox 2140 1508 2286 1585; x_wconf 85' lang='lat' dir='ltr'><strong>qua</strong></span> <span class='ocrx_word' id='word_1_73' title='bbox 2346 1480 2754 1586; x_wconf 87' lang='lat' dir='ltr'><strong>quemdam</strong></span> 
     </span>
     <span class='ocr_line' id='line_1_11' title="bbox 568 1580 2752 1712; baseline -0.001 -47"><span class='ocrx_word' id='word_1_74' title='bbox 568 1609 902 1667; x_wconf 88' lang='lat' dir='ltr'><strong>montem</strong></span> <span class='ocrx_word' id='word_1_75' title='bbox 946 1591 1485 1687; x_wconf 87' lang='lat' dir='ltr'><strong>ascendendo,</strong></span> <span class='ocrx_word' id='word_1_76' title='bbox 1539 1609 1615 1668; x_wconf 89' lang='lat' dir='ltr'><strong>et</strong></span> <span class='ocrx_word' id='word_1_77' title='bbox 1664 1616 1800 1694; x_wconf 89' lang='lat' dir='ltr'><strong>per</strong></span> <span class='ocrx_word' id='word_1_78' title='bbox 1850 1580 2154 1712; x_wconf 80' lang='lat' dir='ltr'><strong>longum</strong></span> <span class='ocrx_word' id='word_1_79' title='bbox 2198 1591 2527 1692; x_wconf 84' lang='lat' dir='ltr'><strong>spacium</strong></span> <span class='ocrx_word' id='word_1_80' title='bbox 2567 1615 2752 1663; x_wconf 87' lang='lat' dir='ltr'><strong>cur-</strong></span> 
     </span>
     <span class='ocr_line' id='line_1_12' title="bbox 570 1693 2752 1801; baseline 0 -31"><span class='ocrx_word' id='word_1_81' title='bbox 570 1695 810 1773; x_wconf 86' lang='lat' dir='ltr'><strong>rendo</strong></span> <span class='ocrx_word' id='word_1_82' title='bbox 868 1702 1209 1801; x_wconf 86' lang='lat' dir='ltr'><strong>peruenit</strong></span> <span class='ocrx_word' id='word_1_83' title='bbox 1255 1697 1344 1772; x_wconf 88' lang='lat' dir='ltr'><strong>ad</strong></span> <span class='ocrx_word' id='word_1_84' title='bbox 1398 1700 1732 1800; x_wconf 78' lang='lat' dir='ltr'><strong>quintam</strong></span> <span class='ocrx_word' id='word_1_85' title='bbox 1785 1716 2053 1773; x_wconf 89' lang='lat' dir='ltr'><strong>metam</strong></span> <span class='ocrx_word' id='word_1_86' title='bbox 2114 1698 2310 1771; x_wconf 87' lang='lat' dir='ltr'><strong>inter</strong></span> <span class='ocrx_word' id='word_1_87' title='bbox 2356 1693 2535 1770; x_wconf 87' lang='lat' dir='ltr'><strong>duas</strong></span> <span class='ocrx_word' id='word_1_88' title='bbox 2600 1697 2752 1770; x_wconf 70' lang='lat' dir='ltr'><strong>vias</strong></span> 
     </span>
     <span class='ocr_line' id='line_1_13' title="bbox 570 1799 2746 1909; baseline -0.003 -28"><span class='ocrx_word' id='word_1_89' title='bbox 570 1805 929 1904; x_wconf 84' lang='lat' dir='ltr'><strong>positam,</strong></span> <span class='ocrx_word' id='word_1_90' title='bbox 985 1822 1063 1879; x_wconf 89' lang='lat' dir='ltr'><strong>et</strong></span> <span class='ocrx_word' id='word_1_91' title='bbox 1104 1823 1465 1901; x_wconf 74' lang='lat' dir='ltr'><strong>enectam</strong></span> <span class='ocrx_word' id='word_1_92' title='bbox 1520 1833 1562 1880; x_wconf 90' lang='lat' dir='ltr'><strong>a</strong></span> <span class='ocrx_word' id='word_1_93' title='bbox 1591 1830 1735 1909; x_wconf 90' lang='lat' dir='ltr'><strong>qua</strong></span> <span class='ocrx_word' id='word_1_94' title='bbox 1767 1803 1862 1879; x_wconf 91' lang='lat' dir='ltr'><strong>ad</strong></span> <span class='ocrx_word' id='word_1_95' title='bbox 1891 1799 2200 1879; x_wconf 89' lang='lat' dir='ltr'><strong>eandem</strong></span> <span class='ocrx_word' id='word_1_96' title='bbox 2241 1803 2530 1906; x_wconf 82' lang='lat' dir='ltr'><strong>plagam</strong></span> <span class='ocrx_word' id='word_1_97' title='bbox 2563 1827 2746 1877; x_wconf 90' lang='lat' dir='ltr'><strong>eun-</strong></span> 
     </span>
     <span class='ocr_line' id='line_1_14' title="bbox 568 1908 2744 2010; baseline -0 -27"><span class='ocrx_word' id='word_1_98' title='bbox 568 1908 670 1983; x_wconf 90' lang='lat' dir='ltr'><strong>do</strong></span> <span class='ocrx_word' id='word_1_99' title='bbox 708 1909 947 2010; x_wconf 83' lang='lat' dir='ltr'><strong>iungit</strong></span> <span class='ocrx_word' id='word_1_100' title='bbox 993 1937 1212 1985; x_wconf 68' lang='lat' dir='ltr'><strong>Vnam</strong></span> <span class='ocrx_word' id='word_1_101' title='bbox 1275 1912 1627 1988; x_wconf 81' lang='lat' dir='ltr'><strong>arborem</strong></span> <span class='ocrx_word' id='word_1_102' title='bbox 1686 1911 2028 1986; x_wconf 87' lang='lat' dir='ltr'><strong>metalem</strong></span> <span class='ocrx_word' id='word_1_103' title='bbox 2076 1927 2316 1983; x_wconf 85' lang='lat' dir='ltr'><strong>terrea</strong></span> <span class='ocrx_word' id='word_1_104' title='bbox 2362 1926 2560 1982; x_wconf 87' lang='lat' dir='ltr'><strong>meta</strong></span> <span class='ocrx_word' id='word_1_105' title='bbox 2598 1909 2744 1982; x_wconf 86' lang='lat' dir='ltr'><strong>cir·</strong></span> 
     </span>
     <span class='ocr_line' id='line_1_15' title="bbox 571 2012 2746 2137; baseline -0.001 -47"><span class='ocrx_word' id='word_1_106' title='bbox 571 2013 1068 2109; x_wconf 80' lang='lat' dir='ltr'><strong>cumfossam3</strong></span> <span class='ocrx_word' id='word_1_107' title='bbox 1124 2015 1217 2093; x_wconf 88' lang='lat' dir='ltr'><strong>de</strong></span> <span class='ocrx_word' id='word_1_108' title='bbox 1282 2044 1433 2119; x_wconf 91' lang='lat' dir='ltr'><strong>quo</strong></span> <span class='ocrx_word' id='word_1_109' title='bbox 1473 2019 1698 2093; x_wconf 86' lang='lat' dir='ltr'><strong>intrat</strong></span> <span class='ocrx_word' id='word_1_110' title='bbox 1746 2035 2072 2093; x_wconf 88' lang='lat' dir='ltr'><strong>meatum</strong></span> <span class='ocrx_word' id='word_1_111' title='bbox 2117 2014 2340 2089; x_wconf 89' lang='lat' dir='ltr'><strong>riuuli</strong></span> <span class='ocrx_word' id='word_1_112' title='bbox 2375 2012 2746 2137; x_wconf 67' lang='lat' dir='ltr'><strong>Ipolnpk-</strong></span> 
     </span>
     <span class='ocr_line' id='line_1_16' title="bbox 570 2119 2746 2228; baseline 0.001 -33"><span class='ocrx_word' id='word_1_113' title='bbox 570 2119 834 2196; x_wconf 74' lang='lat' dir='ltr'><strong>Pataka</strong></span> <span class='ocrx_word' id='word_1_114' title='bbox 888 2128 1387 2217; x_wconf 85' lang='lat' dir='ltr'><strong>nominatum3</strong></span> <span class='ocrx_word' id='word_1_115' title='bbox 1472 2124 1551 2198; x_wconf 89' lang='lat' dir='ltr'><strong>in</strong></span> <span class='ocrx_word' id='word_1_116' title='bbox 1615 2149 1790 2225; x_wconf 91' lang='lat' dir='ltr'><strong>quo</strong></span> <span class='ocrx_word' id='word_1_117' title='bbox 1849 2150 1989 2228; x_wconf 86' lang='lat' dir='ltr'><strong>per</strong></span> <span class='ocrx_word' id='word_1_118' title='bbox 2054 2122 2355 2224; x_wconf 85' lang='lat' dir='ltr'><strong>longum</strong></span> <span class='ocrx_word' id='word_1_119' title='bbox 2424 2123 2746 2224; x_wconf 88' lang='lat' dir='ltr'><strong>spatium</strong></span> 
     </span>
     <span class='ocr_line' id='line_1_17' title="bbox 568 2226 2743 2334; baseline 0 -30"><span class='ocrx_word' id='word_1_120' title='bbox 568 2226 1015 2306; x_wconf 88' lang='lat' dir='ltr'><strong>transeundo</strong></span> <span class='ocrx_word' id='word_1_121' title='bbox 1061 2232 1216 2305; x_wconf 79' lang='lat' dir='ltr'><strong>exit</strong></span> <span class='ocrx_word' id='word_1_122' title='bbox 1262 2228 1355 2307; x_wconf 87' lang='lat' dir='ltr'><strong>de</strong></span> <span class='ocrx_word' id='word_1_123' title='bbox 1390 2227 1676 2316; x_wconf 85' lang='lat' dir='ltr'><strong>eodem</strong></span> <span class='ocrx_word' id='word_1_124' title='bbox 1694 2228 1788 2304; x_wconf 88' lang='lat' dir='ltr'><strong>ad</strong></span> <span class='ocrx_word' id='word_1_125' title='bbox 1830 2231 2115 2334; x_wconf 80' lang='lat' dir='ltr'><strong>plagam</strong></span> <span class='ocrx_word' id='word_1_126' title='bbox 2146 2228 2743 2320; x_wconf 86' lang='lat' dir='ltr'><strong>meridionalem,</strong></span> 
     </span>
     <span class='ocr_line' id='line_1_18' title="bbox 567 2332 2743 2439; baseline 0 -31"><span class='ocrx_word' id='word_1_127' title='bbox 567 2334 698 2411; x_wconf 78' lang='lat' dir='ltr'><strong>vbi</strong></span> <span class='ocrx_word' id='word_1_128' title='bbox 756 2362 976 2411; x_wconf 83' lang='lat' dir='ltr'><strong>vnam</strong></span> <span class='ocrx_word' id='word_1_129' title='bbox 1038 2356 1308 2412; x_wconf 87' lang='lat' dir='ltr'><strong>metam</strong></span> <span class='ocrx_word' id='word_1_130' title='bbox 1357 2353 1676 2412; x_wconf 87' lang='lat' dir='ltr'><strong>terream</strong></span> <span class='ocrx_word' id='word_1_131' title='bbox 1726 2336 2248 2427; x_wconf 82' lang='lat' dir='ltr'><strong>cumulassent,</strong></span> <span class='ocrx_word' id='word_1_132' title='bbox 2321 2332 2743 2439; x_wconf 88' lang='lat' dir='ltr'><strong>abindeque</strong></span> 
     </span>
     <span class='ocr_line' id='line_1_19' title="bbox 564 2438 2746 2546; baseline -0.001 -27"><span class='ocrx_word' id='word_1_133' title='bbox 564 2469 703 2546; x_wconf 88' lang='lat' dir='ltr'><strong>per</strong></span> <span class='ocrx_word' id='word_1_134' title='bbox 745 2469 965 2519; x_wconf 82' lang='lat' dir='ltr'><strong>vnam</strong></span> <span class='ocrx_word' id='word_1_135' title='bbox 1020 2443 1212 2517; x_wconf 77' lang='lat' dir='ltr'><strong>viam</strong></span> <span class='ocrx_word' id='word_1_136' title='bbox 1267 2441 1760 2530; x_wconf 83' lang='lat' dir='ltr'><strong>transeundO,</strong></span> <span class='ocrx_word' id='word_1_137' title='bbox 1818 2443 2022 2518; x_wconf 83' lang='lat' dir='ltr'><strong>venit</strong></span> <span class='ocrx_word' id='word_1_138' title='bbox 2065 2438 2155 2515; x_wconf 89' lang='lat' dir='ltr'><strong>ad</strong></span> <span class='ocrx_word' id='word_1_139' title='bbox 2209 2438 2558 2515; x_wconf 88' lang='lat' dir='ltr'><strong>arborem</strong></span> <span class='ocrx_word' id='word_1_140' title='bbox 2597 2441 2746 2546; x_wconf 86' lang='lat' dir='ltr'><strong>piri</strong></span> 
     </span>
     <span class='ocr_line' id='line_1_20' title="bbox 563 2549 2743 2672; baseline -0.001 -48"><span class='ocrx_word' id='word_1_141' title='bbox 563 2567 761 2625; x_wconf 86' lang='lat' dir='ltr'><strong>meta</strong></span> <span class='ocrx_word' id='word_1_142' title='bbox 796 2565 1035 2625; x_wconf 87' lang='lat' dir='ltr'><strong>terrea</strong></span> <span class='ocrx_word' id='word_1_143' title='bbox 1070 2549 1675 2651; x_wconf 84' lang='lat' dir='ltr'><strong>circumfossam·</strong></span> <span class='ocrx_word' id='word_1_144' title='bbox 1729 2578 1772 2624; x_wconf 89' lang='lat' dir='ltr'><strong>a</strong></span> <span class='ocrx_word' id='word_1_145' title='bbox 1804 2576 1951 2651; x_wconf 87' lang='lat' dir='ltr'><strong>qua</strong></span> <span class='ocrx_word' id='word_1_146' title='bbox 2000 2571 2398 2672; x_wconf 87' lang='lat' dir='ltr'><strong>parumper</strong></span> <span class='ocrx_word' id='word_1_147' title='bbox 2433 2573 2743 2624; x_wconf 86' lang='lat' dir='ltr'><strong>curren-</strong></span> 
     </span>
     <span class='ocr_line' id='line_1_21' title="bbox 565 2652 2742 2746; baseline 0 -16"><span class='ocrx_word' id='word_1_148' title='bbox 565 2654 713 2746; x_wconf 84' lang='lat' dir='ltr'><strong>do,</strong></span> <span class='ocrx_word' id='word_1_149' title='bbox 771 2657 1100 2729; x_wconf 82' lang='lat' dir='ltr'><strong>annectit</strong></span> <span class='ocrx_word' id='word_1_150' title='bbox 1165 2684 1385 2732; x_wconf 82' lang='lat' dir='ltr'><strong>vnam</strong></span> <span class='ocrx_word' id='word_1_151' title='bbox 1451 2654 1795 2734; x_wconf 86' lang='lat' dir='ltr'><strong>arborem</strong></span> <span class='ocrx_word' id='word_1_152' title='bbox 1856 2654 2091 2730; x_wconf 85' lang='lat' dir='ltr'><strong>salicis</strong></span> <span class='ocrx_word' id='word_1_153' title='bbox 2144 2652 2482 2728; x_wconf 89' lang='lat' dir='ltr'><strong>similiter</strong></span> <span class='ocrx_word' id='word_1_154' title='bbox 2541 2672 2742 2731; x_wconf 75' lang='lat' dir='ltr'><strong>meta</strong></span> 
     </span>
     <span class='ocr_line' id='line_1_22' title="bbox 566 2758 2739 2863; baseline 0 -28"><span class='ocrx_word' id='word_1_155' title='bbox 566 2776 815 2837; x_wconf 88' lang='lat' dir='ltr'><strong>terrea</strong></span> <span class='ocrx_word' id='word_1_156' title='bbox 864 2761 1479 2853; x_wconf 79' lang='lat' dir='ltr'><strong>circumsessam,</strong></span> <span class='ocrx_word' id='word_1_157' title='bbox 1549 2761 1644 2837; x_wconf 89' lang='lat' dir='ltr'><strong>de</strong></span> <span class='ocrx_word' id='word_1_158' title='bbox 1704 2785 1856 2861; x_wconf 84' lang='lat' dir='ltr'><strong>qua</strong></span> <span class='ocrx_word' id='word_1_159' title='bbox 1906 2758 2145 2836; x_wconf 88' lang='lat' dir='ltr'><strong>adhuc</strong></span> <span class='ocrx_word' id='word_1_160' title='bbox 2206 2760 2299 2835; x_wconf 91' lang='lat' dir='ltr'><strong>ad</strong></span> <span class='ocrx_word' id='word_1_161' title='bbox 2364 2765 2739 2863; x_wconf 84' lang='lat' dir='ltr'><strong>praescri-</strong></span> 
     </span>
     <span class='ocr_line' id='line_1_23' title="bbox 560 2866 2743 2972; baseline 0 -30"><span class='ocrx_word' id='word_1_162' title='bbox 560 2884 763 2972; x_wconf 88' lang='lat' dir='ltr'><strong>ptam</strong></span> <span class='ocrx_word' id='word_1_163' title='bbox 806 2866 1091 2970; x_wconf 87' lang='lat' dir='ltr'><strong>plagam</strong></span> <span class='ocrx_word' id='word_1_164' title='bbox 1131 2866 1541 2961; x_wconf 87' lang='lat' dir='ltr'><strong>currendo,</strong></span> <span class='ocrx_word' id='word_1_165' title='bbox 1584 2887 1659 2945; x_wconf 89' lang='lat' dir='ltr'><strong>et</strong></span> <span class='ocrx_word' id='word_1_166' title='bbox 1695 2867 2089 2972; x_wconf 87' lang='lat' dir='ltr'><strong>quemdam</strong></span> <span class='ocrx_word' id='word_1_167' title='bbox 2123 2884 2453 2946; x_wconf 90' lang='lat' dir='ltr'><strong>montem</strong></span> <span class='ocrx_word' id='word_1_168' title='bbox 2495 2895 2743 2944; x_wconf 85' lang='lat' dir='ltr'><strong>ascen-</strong></span> 
     </span>
     <span class='ocr_line' id='line_1_24' title="bbox 561 2971 2740 3079; baseline 0.001 -31"><span class='ocrx_word' id='word_1_169' title='bbox 561 2971 844 3058; x_wconf 88' lang='lat' dir='ltr'><strong>dendo,</strong></span> <span class='ocrx_word' id='word_1_170' title='bbox 904 2973 1250 3076; x_wconf 86' lang='lat' dir='ltr'><strong>peruenit</strong></span> <span class='ocrx_word' id='word_1_171' title='bbox 1300 2972 1405 3056; x_wconf 83' lang='lat' dir='ltr'><strong>ad</strong></span> <span class='ocrx_word' id='word_1_172' title='bbox 1433 2992 1665 3049; x_wconf 89' lang='lat' dir='ltr'><strong>metas</strong></span> <span class='ocrx_word' id='word_1_173' title='bbox 1711 2976 2188 3079; x_wconf 87' lang='lat' dir='ltr'><strong>possessionis</strong></span> <span class='ocrx_word' id='word_1_174' title='bbox 2226 2975 2544 3049; x_wconf 87' lang='lat' dir='ltr'><strong>Baracza</strong></span> <span class='ocrx_word' id='word_1_175' title='bbox 2593 3000 2740 3051; x_wconf 80' lang='lat' dir='ltr'><strong>vo-</strong></span> 
     </span>
     <span class='ocr_line' id='line_1_25' title="bbox 561 3065 2737 3184; baseline -0.001 -27"><span class='ocrx_word' id='word_1_176' title='bbox 561 3098 809 3174; x_wconf 82' lang='lat' dir='ltr'><strong>eatae,</strong></span> <span class='ocrx_word' id='word_1_177' title='bbox 866 3079 1049 3154; x_wconf 83' lang='lat' dir='ltr'><strong>vbi</strong></span> <span class='ocrx_word' id='word_1_178' title='bbox 1028 3080 1170 3184; x_wconf 64' lang='lat' dir='ltr'><strong>ipsi</strong></span> <span class='ocrx_word' id='word_1_179' title='bbox 1209 3079 1286 3156; x_wconf 89' lang='lat' dir='ltr'><strong>in</strong></span> <span class='ocrx_word' id='word_1_180' title='bbox 1349 3065 1732 3159; x_wconf 63' lang='lat' dir='ltr'><strong>cacumine</strong></span> <span class='ocrx_word' id='word_1_181' title='bbox 1783 3081 1957 3157; x_wconf 88' lang='lat' dir='ltr'><strong>dicti</strong></span> <span class='ocrx_word' id='word_1_182' title='bbox 2006 3083 2279 3157; x_wconf 87' lang='lat' dir='ltr'><strong>montis</strong></span> <span class='ocrx_word' id='word_1_183' title='bbox 2329 3109 2552 3155; x_wconf 77' lang='lat' dir='ltr'><strong>vnam</strong></span> <span class='ocrx_word' id='word_1_184' title='bbox 2600 3111 2737 3155; x_wconf 86' lang='lat' dir='ltr'><strong>an·</strong></span> 
     </span>
     <span class='ocr_line' id='line_1_26' title="bbox 562 3187 2738 3316; baseline -0 -53"><span class='ocrx_word' id='word_1_185' title='bbox 562 3188 891 3292; x_wconf 90' lang='lat' dir='ltr'><strong>gularem</strong></span> <span class='ocrx_word' id='word_1_186' title='bbox 951 3206 1224 3263; x_wconf 88' lang='lat' dir='ltr'><strong>metam</strong></span> <span class='ocrx_word' id='word_1_187' title='bbox 1284 3189 1739 3280; x_wconf 81' lang='lat' dir='ltr'><strong>erexissent,</strong></span> <span class='ocrx_word' id='word_1_188' title='bbox 1815 3217 1856 3263; x_wconf 91' lang='lat' dir='ltr'><strong>a</strong></span> <span class='ocrx_word' id='word_1_189' title='bbox 1910 3213 2054 3291; x_wconf 87' lang='lat' dir='ltr'><strong>qua</strong></span> <span class='ocrx_word' id='word_1_190' title='bbox 2113 3187 2207 3262; x_wconf 90' lang='lat' dir='ltr'><strong>ad</strong></span> <span class='ocrx_word' id='word_1_191' title='bbox 2264 3187 2550 3316; x_wconf 81' lang='lat' dir='ltr'><strong>plagam</strong></span> <span class='ocrx_word' id='word_1_192' title='bbox 2609 3213 2738 3262; x_wconf 86' lang='lat' dir='ltr'><strong>se·-</strong></span> 
     </span>
     <span class='ocr_line' id='line_1_27' title="bbox 565 3290 2738 3399; baseline 0 -29"><span class='ocrx_word' id='word_1_193' title='bbox 565 3290 1163 3393; x_wconf 84' lang='lat' dir='ltr'><strong>ptemtrionalem</strong></span> <span class='ocrx_word' id='word_1_194' title='bbox 1211 3292 1636 3386; x_wconf 84' lang='lat' dir='ltr'><strong>flectendo,</strong></span> <span class='ocrx_word' id='word_1_195' title='bbox 1676 3312 1753 3369; x_wconf 91' lang='lat' dir='ltr'><strong>et</strong></span> <span class='ocrx_word' id='word_1_196' title='bbox 1785 3322 1923 3399; x_wconf 91' lang='lat' dir='ltr'><strong>per</strong></span> <span class='ocrx_word' id='word_1_197' title='bbox 1968 3321 2195 3369; x_wconf 86' lang='lat' dir='ltr'><strong>vnum</strong></span> <span class='ocrx_word' id='word_1_198' title='bbox 2245 3291 2525 3368; x_wconf 85' lang='lat' dir='ltr'><strong>Bercz</strong></span> <span class='ocrx_word' id='word_1_199' title='bbox 2506 3296 2738 3398; x_wconf 72' lang='lat' dir='ltr'><strong>ipsius</strong></span> 
     </span>
     <span class='ocr_line' id='line_1_28' title="bbox 562 3397 2735 3505; baseline -0.001 -29"><span class='ocrx_word' id='word_1_200' title='bbox 562 3401 836 3477; x_wconf 87' lang='lat' dir='ltr'><strong>montis</strong></span> <span class='ocrx_word' id='word_1_201' title='bbox 877 3426 1014 3505; x_wconf 87' lang='lat' dir='ltr'><strong>per</strong></span> <span class='ocrx_word' id='word_1_202' title='bbox 1046 3398 1352 3503; x_wconf 90' lang='lat' dir='ltr'><strong>longum</strong></span> <span class='ocrx_word' id='word_1_203' title='bbox 1385 3404 1709 3501; x_wconf 88' lang='lat' dir='ltr'><strong>spacium</strong></span> <span class='ocrx_word' id='word_1_204' title='bbox 1746 3397 2162 3493; x_wconf 86' lang='lat' dir='ltr'><strong>currendo,</strong></span> <span class='ocrx_word' id='word_1_205' title='bbox 2220 3399 2311 3474; x_wconf 94' lang='lat' dir='ltr'><strong>de</strong></span> <span class='ocrx_word' id='word_1_206' title='bbox 2346 3421 2600 3478; x_wconf 88' lang='lat' dir='ltr'><strong>monte</strong></span> <span class='ocrx_word' id='word_1_207' title='bbox 2641 3400 2735 3475; x_wconf 85' lang='lat' dir='ltr'><strong>ad</strong></span> 
     </span>
     <span class='ocr_line' id='line_1_29' title="bbox 562 3505 2737 3611; baseline 0 -29"><span class='ocrx_word' id='word_1_208' title='bbox 562 3506 996 3584; x_wconf 87' lang='lat' dir='ltr'><strong>orientalem</strong></span> <span class='ocrx_word' id='word_1_209' title='bbox 1049 3525 1335 3611; x_wconf 85' lang='lat' dir='ltr'><strong>partem</strong></span> <span class='ocrx_word' id='word_1_210' title='bbox 1384 3508 1702 3611; x_wconf 87' lang='lat' dir='ltr'><strong>girando</strong></span> <span class='ocrx_word' id='word_1_211' title='bbox 1771 3511 1970 3583; x_wconf 77' lang='lat' dir='ltr'><strong>venit</strong></span> <span class='ocrx_word' id='word_1_212' title='bbox 2025 3505 2121 3586; x_wconf 83' lang='lat' dir='ltr'><strong>ad</strong></span> <span class='ocrx_word' id='word_1_213' title='bbox 2179 3534 2401 3582; x_wconf 78' lang='lat' dir='ltr'><strong>vnam</strong></span> <span class='ocrx_word' id='word_1_214' title='bbox 2462 3524 2737 3583; x_wconf 90' lang='lat' dir='ltr'><strong>metam</strong></span> 
     </span>
     <span class='ocr_line' id='line_1_30' title="bbox 560 3612 2754 3719; baseline 0.001 -31"><span class='ocrx_word' id='word_1_215' title='bbox 560 3628 917 3706; x_wconf 86' lang='lat' dir='ltr'><strong>terream,</strong></span> <span class='ocrx_word' id='word_1_216' title='bbox 992 3640 1131 3717; x_wconf 89' lang='lat' dir='ltr'><strong>per</strong></span> <span class='ocrx_word' id='word_1_217' title='bbox 1198 3612 1600 3718; x_wconf 85' lang='lat' dir='ltr'><strong>quemdam</strong></span> <span class='ocrx_word' id='word_1_218' title='bbox 1672 3614 1968 3688; x_wconf 88' lang='lat' dir='ltr'><strong>alueum</strong></span> <span class='ocrx_word' id='word_1_219' title='bbox 2026 3614 2374 3719; x_wconf 89' lang='lat' dir='ltr'><strong>positam,</strong></span> <span class='ocrx_word' id='word_1_220' title='bbox 2427 3632 2500 3689; x_wconf 88' lang='lat' dir='ltr'><strong>et</strong></span> <span class='ocrx_word' id='word_1_221' title='bbox 2556 3629 2754 3691; x_wconf 85' lang='lat' dir='ltr'><strong>ere-&#39;</strong></span> 
     </span>
     <span class='ocr_line' id='line_1_31' title="bbox 555 3717 2736 3826; baseline 0.001 -31"><span class='ocrx_word' id='word_1_222' title='bbox 555 3736 794 3808; x_wconf 84' lang='lat' dir='ltr'><strong>ctam,</strong></span> <span class='ocrx_word' id='word_1_223' title='bbox 851 3743 1077 3818; x_wconf 88' lang='lat' dir='ltr'><strong>quem</strong></span> <span class='ocrx_word' id='word_1_224' title='bbox 1119 3717 1604 3810; x_wconf 88' lang='lat' dir='ltr'><strong>transeundo,</strong></span> <span class='ocrx_word' id='word_1_225' title='bbox 1656 3738 1734 3795; x_wconf 86' lang='lat' dir='ltr'><strong>et</strong></span> <span class='ocrx_word' id='word_1_226' title='bbox 1774 3720 1849 3793; x_wconf 90' lang='lat' dir='ltr'><strong>in</strong></span> <span class='ocrx_word' id='word_1_227' title='bbox 1896 3722 2111 3796; x_wconf 87' lang='lat' dir='ltr'><strong>terris</strong></span> <span class='ocrx_word' id='word_1_228' title='bbox 2150 3719 2548 3796; x_wconf 87' lang='lat' dir='ltr'><strong>arab1libus</strong></span> <span class='ocrx_word' id='word_1_229' title='bbox 2596 3748 2736 3826; x_wconf 91' lang='lat' dir='ltr'><strong>per</strong></span> 
     </span>
     <span class='ocr_line' id='line_1_32' title="bbox 551 3825 2730 3929; baseline 0.001 -28"><span class='ocrx_word' id='word_1_230' title='bbox 551 3825 860 3929; x_wconf 85' lang='lat' dir='ltr'><strong>longum</strong></span> <span class='ocrx_word' id='word_1_231' title='bbox 892 3830 1219 3927; x_wconf 86' lang='lat' dir='ltr'><strong>spacium</strong></span> <span class='ocrx_word' id='word_1_232' title='bbox 1266 3826 1681 3920; x_wconf 86' lang='lat' dir='ltr'><strong>currendo,</strong></span> <span class='ocrx_word' id='word_1_233' title='bbox 1738 3827 1939 3904; x_wconf 85' lang='lat' dir='ltr'><strong>venit</strong></span> <span class='ocrx_word' id='word_1_234' title='bbox 1981 3827 2073 3901; x_wconf 90' lang='lat' dir='ltr'><strong>ad</strong></span> <span class='ocrx_word' id='word_1_235' title='bbox 2122 3853 2339 3903; x_wconf 82' lang='lat' dir='ltr'><strong>vnam</strong></span> <span class='ocrx_word' id='word_1_236' title='bbox 2382 3828 2730 3905; x_wconf 82' lang='lat' dir='ltr'><strong>arborem</strong></span> 
     </span>
     <span class='ocr_line' id='line_1_33' title="bbox 554 3931 2729 4038; baseline 0.002 -33"><span class='ocrx_word' id='word_1_237' title='bbox 554 3933 995 4038; x_wconf 88' lang='lat' dir='ltr'><strong>populeam,</strong></span> <span class='ocrx_word' id='word_1_238' title='bbox 1051 3952 1246 4010; x_wconf 86' lang='lat' dir='ltr'><strong>meta</strong></span> <span class='ocrx_word' id='word_1_239' title='bbox 1295 3952 1537 4010; x_wconf 88' lang='lat' dir='ltr'><strong>terrea</strong></span> <span class='ocrx_word' id='word_1_240' title='bbox 1590 3931 2183 4028; x_wconf 83' lang='lat' dir='ltr'><strong>circumfossam3</strong></span> <span class='ocrx_word' id='word_1_241' title='bbox 2244 3934 2338 4009; x_wconf 91' lang='lat' dir='ltr'><strong>de</strong></span> <span class='ocrx_word' id='word_1_242' title='bbox 2385 3960 2537 4035; x_wconf 89' lang='lat' dir='ltr'><strong>qua</strong></span> <span class='ocrx_word' id='word_1_243' title='bbox 2588 3933 2729 4009; x_wconf 89' lang='lat' dir='ltr'><strong>ali·</strong></span> 
     </span>
     <span class='ocr_line' id='line_1_34' title="bbox 555 4038 2728 4146; baseline 0.003 -33"><span class='ocrx_word' id='word_1_244' title='bbox 555 4064 683 4116; x_wconf 88' lang='lat' dir='ltr'><strong>um</strong></span> <span class='ocrx_word' id='word_1_245' title='bbox 736 4054 1069 4115; x_wconf 84' lang='lat' dir='ltr'><strong>montem</strong></span> <span class='ocrx_word' id='word_1_246' title='bbox 1120 4038 1588 4116; x_wconf 88' lang='lat' dir='ltr'><strong>ascendendo</strong></span> <span class='ocrx_word' id='word_1_247' title='bbox 1626 4040 1860 4146; x_wconf 81' lang='lat' dir='ltr'><strong>iungit</strong></span> <span class='ocrx_word' id='word_1_248' title='bbox 1905 4040 2253 4118; x_wconf 87' lang='lat' dir='ltr'><strong>arborem</strong></span> <span class='ocrx_word' id='word_1_249' title='bbox 2285 4043 2582 4146; x_wconf 88' lang='lat' dir='ltr'><strong>querci,</strong></span> <span class='ocrx_word' id='word_1_250' title='bbox 2632 4042 2728 4119; x_wconf 84' lang='lat' dir='ltr'><strong>si·</strong></span> 
     </span>
     <span class='ocr_line' id='line_1_35' title="bbox 553 4146 2760 4270; baseline 0.003 -50"><span class='ocrx_word' id='word_1_251' title='bbox 553 4147 828 4223; x_wconf 85' lang='lat' dir='ltr'><strong>militer</strong></span> <span class='ocrx_word' id='word_1_252' title='bbox 874 4163 1068 4226; x_wconf 86' lang='lat' dir='ltr'><strong>meta</strong></span> <span class='ocrx_word' id='word_1_253' title='bbox 1109 4158 1351 4225; x_wconf 86' lang='lat' dir='ltr'><strong>terrea</strong></span> <span class='ocrx_word' id='word_1_254' title='bbox 1382 4146 1978 4245; x_wconf 80' lang='lat' dir='ltr'><strong>circumfossam3</strong></span> <span class='ocrx_word' id='word_1_255' title='bbox 2026 4146 2446 4270; x_wconf 87' lang='lat' dir='ltr'><strong>abindeque</strong></span> <span class='ocrx_word' id='word_1_256' title='bbox 2486 4147 2760 4228; x_wconf 82' lang='lat' dir='ltr'><strong>adhuc.</strong></span> 
     </span>
    </p>
   </div>
  </div>
 </body>
</html>
