2875 4842
2064 409 2214 478 615

136 609 334 688 {ilius
367 610 734 715 ejusdem,
789 641 929 692 nec
963 644 1113 694 non
1151 618 1451 696 Pokswa
1476 617 1860 695 Castellani
1903 616 2311 693 eorundem'

133 742 277 822 per
310 722 503 823 ipsos
539 723 614 823 in
668 723 925 797 Castro
964 723 1056 799 de
1106 721 1358 799 Deven
1409 727 1825 814 constituti,
1877 749 1974 799 ex
2018 722 2308 799 manda·

136 842 220 899 to
262 826 666 903 eorundem
725 829 1004 903 Nicolai
1049 830 1392 925 Palatini,
1450 848 1526 907 et
1578 829 1889 906 Ladislai
1928 828 2057 904 filii
2112 832 2319 905 eius-

129 930 307 1013 dem
366 933 718 1033 plurimos
782 937 1181 1039 piscatores
1249 939 1327 1011 in
1403 937 1743 1014 Danubio
1819 938 2013 1013 intra
2090 950 2317 1011 metas

125 1037 463 1122 eiusdem
525 1042 847 1117 Civitatis
911 1044 1204 1118 nostrae
1277 1046 1667 1118 Posonien.
1751 1047 2159 1146 piscantes,
2230 1068 2317 1119 ac
2416 1126 2427 1141 ,
2491 1134 2500 1143 ‚

125 1145 529 1221 nonnullos
577 1147 904 1243 homines
946 1151 1018 1223 in
1062 1150 1315 1227 insulis
1355 1152 1440 1224 -in
1491 1151 1743 1228 medio
1791 1152 2119 1229 eiusdem
2159 1152 2313 1224 Da·

125 1251 339 1326 nubii
401 1254 930 1342 existentibus,
1005 1284 1144 1332 nec
1231 1285 1378 1332 non
1455 1256 1740 1357 Sylvis,
1830 1257 2341 1350 nemoribus,·

122 1361 357 1462 pratis
396 1378 471 1434 et
502 1362 655 1437 aliis
701 1364 1130 1440 utilitatibus
1172 1364 1263 1438 ad
1305 1368 1541 1464 ipsam
1558 1364 1943 1439 Civitatem
1985 1380 2314 1439 nostram

125 1465 653 1541 Posoniensem
695 1469 786 1542 de
829 1470 988 1545 iure
1021 1469 1557 1575 spectantibus.
1608 1471 2135 1548 Inhabitatores
2179 1471 2311 1546 sci-

126 1572 307 1647 licet
345 1575 666 1649 eiusdem
708 1576 1040 1652 Civitatis
1091 1596 1381 1654 nostrae
1428 1577 1896 1654 Posoniensis
1934 1578 2303 1680 rapientes

119 1679 614 1780 captivando,
676 1698 1120 1784 captosque,
1196 1709 1349 1786 quo
1416 1674 1677 1760 eorum
1730 1684 2122 1786 placuisset
2171 1706 2299 1755 vo·

119 1786 426 1875 lantani,
485 1787 998 1877 deduxissent,
1061 1808 1134 1865 et
1202 1794 1273 1863 in
1328 1815 1592 1865 eorum
1650 1791 1961 1865 vinculis
2021 1786 2300 1866 tamdiu

118 1912 718 1987 conservassent,
775 1893 1015 1969 donec
1069 1899 1396 1999 ipsorum
1456 1896 1843 1996 placuisset
1902 1895 2303 1988 voluntati,

118 2024 213 2072 ac
256 2001 618 2098 quosdam
669 2026 761 2075 ex
802 2001 1058 2076 iisdem
1109 2021 1524 2105 pactantes,
1581 2001 1672 2077 de
1709 2001 2122 2079 eorundem
2162 2001 2297 2077 Ca·

176 2106 458 2183 tivitate
496 2108 978 2182 exmisissent.
1035 2112 1348 2211 Insuper
1390 2108 1741 2206 quasdam
1787 2110 2052 2185 Vincas
2091 2107 2298 2184 Inha-

112 2134 522 2287 Eitatorum
566 2211 894 2287 eiusdem
929 2213 1257 2290 Civitatis
1295 2215 1759 2291 posoniensis
1793 2214 1932 2290 sibi
1971 2215 2140 2316 ipsis
2170 2241 2294 2292 oc-

115 2346 392 2421 cupare
466 2322 914 2413 niterentur3
971 2339 1351 2424 praeterea
1411 2322 1763 2398 nonnulla
1805 2319 2030 2424 Signa
2070 2337 2294 2396 meta·
2372 2371 2380 2379 -

115 2427 215 2498 lia
258 2429 752 2529 praescriptae
794 2429 1119 2502 Civitatis
1154 2429 1464 2504 Nostrae
1517 2429 1970 2502 Posoniensis
2006 2455 2044 2499 a
2081 2445 2290 2529 parte

110 2532 294 2605 dicti
343 2533 615 2635 Oppidi
675 2531 982 2635 Deveny
1023 2551 1266 2609 erecta
1310 2532 1584 2608 destrui
1623 2551 1697 2608 et
1755 2532 2036 2607 aboleri
2074 2534 2291 2609 fecis-

110 2655 317 2729 sent,
391 2643 714 2743 potentia
781 2640 1149 2717 mediante
1212 2644 1285 2715 in
1357 2637 1915 2744 praeiudicium*
1952 2640 2285 2743 ipsorum

112 2745 323 2819 valde
364 2771 728 2846 magnum.
822 2748 1064 2851 Super
1097 2770 1253 2845 quo
1289 2747 1614 2822 fidelitati
1656 2764 1944 2821 vestrae
1978 2745 2286 2821 firmiter

106 2854 649 2955 praecipientes
707 2856 1167 2953 mandamus,
1224 2872 1586 2957 quatenus
1629 2870 1949 2929 vestrum
1983 2855 2283 2931 mittatis

102 2958 482 3033 hominem
524 2984 664 3058 pro
686 2961 1137 3036 Testimonio
1190 2959 1679 3064 fidedignum‚
1732 2985 1887 3061 quo
1938 2985 2282 3062 praesen-

105 3084 184 3140 te
233 3065 649 3168 Stephanus
687 3063 871 3141 filius
912 3066 1235 3158 Nicolai‚
1295 3067 1412 3142 vel
1460 3070 1713 3143 Petrus
1763 3065 1946 3140 filius
1987 3065 2281 3141 alterius

110 3169 518 3277 Stephani,
572 3190 699 3247 aut
746 3172 1067 3248 Jacobus
1122 3190 1199 3247 et
1252 3178 1510 3249 Petrus
1565 3171 1749 3267 Filii,
1781 3170 2154 3247 Michaelis
2189 3171 2284 3246 de

104 3279 323 3379 Nagy
359 3278 630 3378 Abony
653 3335 673 3373 ,
732 3304 871 3355 nec
918 3306 1063 3356 non
1112 3278 1371 3355 Petrus
1404 3278 1591 3354 filius
1627 3279 1946 3353 Emerici
1979 3277 2070 3353 de
2101 3278 2281 3353 Kis—

106 3384 430 3485 Abony,
486 3402 610 3460 aut
663 3387 1084 3485 Demetrius
1143 3383 1331 3473 filius
1390 3383 1743 3489 Stephani
1801 3383 1895 3458 de
1949 3365 2279 3485 (Slvegy,

104 3515 248 3566 ceu
299 3493 731 3567 Laurentius
769 3513 844 3568 et
900 3490 1326 3589 Petrusfilii
1376 3492 1704 3591 Nicolai‚
1759 3515 1900 3564 nec
1950 3516 2099 3565 non
2140 3493 2279 3566 Mi-

100 3596 308 3672 chael
362 3597 553 3672 filius
608 3598 905 3673 alterius
959 3596 1241 3674 Nicolai
1303 3596 1395 3672 de
1457 3600 1717 3688 Zaaz„
1750 3595 1905 3670 aliis
1955 3593 2283 3672 absenti-

100 3703 289 3795 bus,
344 3700 571 3782 bomo
615 3723 909 3795 noster,
966 3706 1061 3779 ab
1120 3703 1500 3797 omnibus,
1556 3703 1826 3805 quibus
1866 3703 2274 3803 incumbit,

104 3834 384 3885 meram
442 3810 535 3887 de
603 3812 1013 3913 praemissis
1068 3811 1491 3914 experiatur
1536 3810 1990 3897 Veritatem,
2046 3835 2273 3911 quam

105 3916 405 3993 tandem
441 3915 656 3993 nobis
708 3916 1025 3993 fideliter
1066 3918 1503 3994 rescribatis.
1604 3920 1870 3991 Datum
1919 3913 2163 3992 Budae
2197 3917 2274 3991 in

104 4022 298 4098 festo
330 4027 414 4099 Β.
453 4014 820 4101 Valentini
863 4023 1077 4101 Mart.
1114 4023 1341 4097 Anno
1358 4024 1658 4098 Domini
1688 4020 2264 4098 MCDXXVIH.

105 4128 321 4205 Unde
371 4154 509 4205 nos
541 4131 942 4234 Praecepto
977 4149 1056 4207 et
1095 4128 1438 4235 mandato
1476 4129 1782 4206 Vestrae
1840 4126 2285 4211 Serenitatia
