2875 4842
1928 472 2226 598 '221⁹'-

78 704 331 804 ·tiae,
401 710 806 788 Croatie
879 728 1048 788 etc.
1116 714 1724 818 Regnorum,
1805 740 1975 792 nec
2051 742 2246 796 non

118 820 793 909 Praelatorum',
878 820 1366 899 Baronum
1455 837 1547 896 et
1621 820 2246 925 singulorum

114 925 610 1000 incolarum
665 927 862 1024 Reg
890 950 1225 1001 norum
1279 931 1766 1030 ipsorum,
1842 947 1919 1005 et
1970 928 2076 1004 eis
2121 931 2252 1004 ad·-

112 1027 530 1137 haerentium
572 1048 780 1135 parte
835 1030 931 1106 ex
982 1032 1254 1125 altera,
1306 1033 1570 1109 habitis
1609 1050 1687 1108 et
1740 1033 2063 1111 subortis
2114 1061 2240 1110 vs-

114 1164 234 1240 quc
271 1164 640 1242 praesens.
730 1137 1251 1230 promittentes
1308 1140 1571 1216 eadem
1621 1136 1817 1215 bona
1884 1140 2029 1241 fide
2098 1167 2250 1216 no-

116 1261 271 1337 stra,
320 1241 1059 1321 dicto·Serenissiino
1100 1246 1434 1351 -Principi
1476 1246 1841 1345 Domino,
1896 1264 1976 1323 et
2010 1246 2253 1323 Fratri

116 1375 183 1425 ac
220 1353 478 1427 Patruo
520 1366 778 1426 nostro
818 1350 1243 1429 charissimo
1268 1351 1710 1429 Wenceslao
1735 1355 2254 1432 Romanorum

115 1474 175 1532 et
214 1453 619 1532 Bobemiae
681 1457 842 1561 regi
868 1512 889 1551 ,
964 1457 1175 1561 quod
1222 1459 1585 1566 quidquid
1650 1459 1809 1563 ipse
1857 1462 2054 1536 inter
2118 1486 2256 1538 nos

117 1580 427 1662 vtrasque
482 1580 771 1666 partes,
832 1565 1281 1665 praedictas,
1335 1565 1606 1641 auditis
1662 1566 2063 1672 vtrobique
2105 1595 2254 1646 no·
2332 1563 2343 1581 ⁹

115 1668 250 1744 stris
285 1669 863 1764 intentionibus,
898 1668 1587 1764 informationibus,
1628 1674 1954 1749 articulis
1986 1688 2062 1749 et
2093 1700 2255 1752 mo·

117 1774 248 1850 tiuis
288 1778 666 1879 signanter
702 1803 928 1881 super
968 1780 1306 1884 capitulis
1342 1778 1776 1881 subscriptis
1822 1783 2255 1875 summarie,

114 1880 423 1958 videlicet
461 1907 684 1986 super
719 1887 1231 1979 restitutione,
1286 1903 1362 1961 et
1397 1884 1859 1963 rehabitione
1893 1888 2258 1963 Dominae

116 1984 361 2064 Mariae
401 1992 734 2092 Reginae
773 1991 1193 2097 Hungariae
1221 2007 1534 2067 nostrae-
1551 1989 2008 2093 Sigismundi
2051 2019 2259 2094 prae-

114 2090 256 2170 dicti
294 2094 755 2173 Conthoralis
796 2094 1301 2188 charissimae,
1354 2099 1535 2174 item
1570 2124 1796 2201 super
1843 2116 2074 2176 status
2105 2125 2258 2175 no·
2334 2175 2337 2179 ,

116 2204 215 2276 stri
241 2200 683 2296 honorifica,
744 2222 971 2307 prout
1002 2223 1254 2281 nostra
1292 2206 1614 2309 requirit
1652 2202 1980 2283 conditio
2006 2261 2028 2297 ,
2082 2231 2258 2309 pro·-

113 2306 413 2393 uisione;
468 2312 644 2384 item
686 2336 909 2413 super
936 2308 1151 2387 bonis
1186 2311 1329 2385 illis
1353 2367 1376 2407 ,
1432 2337 1627 2413 quae
1665 2326 1852 2385 sunt
1875 2314 2011 2386 sita
2054 2313 2258 2386 circa

109 2434 299 2491 metas
368 2415 713 2490 Austriae
738 2471 761 2508 ‚
814 2432 890 2490 et
942 2419 1320 2493 Morauiae
1377 2418 1906 2519 assignatione,
1962 2434 2040 2492 et
2078 2415 2258 2492 iuo-

107 2545 243 2596 rum
311 2521 696 2599 bonorum
745 2521 979 2596 libera
1034 2538 1107 2598 et
1168 2528 1473 2627 propria
1527 2521 2023 2625 possessione,
2075 2526 2259 2601 item

108 2649 299 2733 super
370 2623 800 2705 nostrorum
877 2626 1303 2707 debitorum
1383 2632 1895 2705 vniuersorum
1961 2632 2254 2707 ratione

106 2755 386 2833 guerrae
412 2790 435 2827 ‚
487 2754 563 2810 et
623 2734 1090 2811 dissensionis
1139 2739 1582 2839 praesentis,
1657 2752 2252 2829 contractorum,

107 2833 246 2914 hinc
294 2839 476 2917 inde
591 2840 868 2918 leuarie
919 2843 1324 2936 solutione3
1380 2859 1554 2918 item
1619 2868 1841 2942 super
1874 2841 2256 2920 literarum

105 2965 494 3023 nostrarum
528 2870 1431 3052 gigismundixpraedicti,
1466 2974 1648 3052 quas
1687 2949 2008 3023 Illustres
2048 2949 2250 3024 Mar·

106 3048 375 3129 chiones
424 3040 856 3151 Memmiae,
914 3054 1156 3130 Patrui
1194 3057 1427 3133 nostri
1468 3052 1909 3145 charissimi,
1963 3080 2249 3158 super

104 3153 409 3250 bonis,
490 3188 753 3264 quae
805 3180 1035 3237 sunt
1101 3156 1366 3236 inte'r
1418 3158 1808 3236 flumina
1870 3159 2097 3263 Wag
2150 3174 2248 3236 et

107 3260 632 3342 Danubium
700 3269 921 3359 sita,
1014 3295 1057 3342 a
1132 3265 1411 3342 nobis
1485 3266 1951 3343 obtinere
2023 3292 2247 3343 nos-

104 3388 371 3448 cuntu
399 3398 488 3467 r,
541 3372 1137 3470 confirmatione3
1212 3373 1390 3449 item
1437 3400 1660 3478 super
1714 3371 1933 3450 certis
1975 3373 2241 3466 bonis,

105 3500 265 3576 quae
304 3476 683 3557 adiutores
725 3482 960 3556 nostri
1006 3509 1047 3555 a
1088 3477 1306 3554 nobis
1355 3478 1732 3575 obtinent,
1783 3478 2241 3556 corrobora·
2307 3490 2310 3493 ’

105 3582 312 3681 tione3
366 3588 554 3664 item
589 3613 813 3692 super
862 3591 1080 3665 centis
1127 3584 1753 3687 displicenti-arum
1797 3587 2031 3687 Regni
2068 3585 2238 3661 Vn-
2291 3678 2294 3683 Ι

105 3693 315 3786 gat-iae
366 3695 822 3786 incolarum,
878 3699 1382 3795 cuiuscunque
1428 3710 1655 3769 status
1696 3692 1817 3766 vel
1862 3690 2238 3771 conditio·

106 3794 190 3867 uis
228 3800 651 3893 extiterint,
704 3819 780 3877 et
821 3801 1150 3899 omnium
1197 3798 1510 3877 aliorum
1563 3795 1656 3872 ad
1695 3823 2011 3902 regnum
2062 3796 2238 3873 Vn-

102 3902 307 3998 gariae
344 3908 913 4010 pertinentium,
954 3931 1155 4007 ,quas
1192 3930 1285 3979 ex
1319 3931 1452 3997 eo,
1490 3902 1697 4006 quod
1729 3905 1942 3980 nobis
1983 3922 2062 3983 et
2096 3932 2235 3983 no·
2355 3954 2362 3967 ·

107 4012 241 4082 stris
271 4011 737 4089 adiutoribus
779 4013 1302 4103 adhaeserunt,
1350 4013 1750 4087 incurrisse
1795 4010 2231 4107 formidant,

111 4111 296 4210 plena
328 4136 408 4195 et
441 4118 650 4196 totali
687 4118 1179 4212 relaxatione,
1232 4135 1310 4192 et
1346 4123 1542 4195 circa
1586 4119 1781 4196 bona
1818 4120 2236 4221 possessio-

108 4241 254 4312 nes,
304 4244 380 4303 et
418 4225 857 4307 hereditates
908 4252 1166 4303 eorum
1192 4280 1216 4322 ,
1268 4241 1495 4331 atque
1553 4241 1867 4403 οωιιίιὲιῦ
1922 4224 2106 4303 Jura
2155 4239 2235 4302 et
