2875 4842
2075 396 2257 478 ⁴611

181 608 334 686 per
361 579 738 688 Augustus
761 644 783 681 ,
838 614 926 664 ac
974 589 1430 694 Hungariae,
1491 597 1670 677 Βοὴ.
1728 607 1964 683 Dalm.
2022 612 2360 696 Croatiae

181 706 331 764 etc.
385 692 556 766 Rex
591 691 930 771 fidelibus
963 701 1231 779 nostris
1268 706 1627 785 universis
1660 727 1734 789 et
1762 714 2066 818 singulis
2099 723 2363 799 nobili·

177 794 329 871 bus
365 814 442 873 et
482 798 785 885 alterius
823 797 1143 902 cujusvis
1178 824 1406 885 status
1443 829 1516 887 et
1552 812 2014 899 conditionis
2050 843 2199 903 tam
2230 833 2362 907 sci·
2452 838 2459 845 “

181 901 367 977 licet
404 903 947 1010 Capitularibus
982 928 1059 986 et
1091 913 1246 988 aliis
1267 918 1788 1027 Ecclesiastic'is
1817 980 1840 1018 ‚
1898 956 2121 1032 quam
2159 962 2364 1015 secu-

188 1007 475 1086 laribus
511 1016 1055 1115 possessionatis
1112 1016 1537 1102 hominibus
1585 1032 1661 1105 in
1714 1029 2019 1112 Civitate
2068 1058 2145 1114 et
2206 1060 2359 1123 toto

183 1114 559 1194 Comitatu
600 1121 985 1196 Posonien.
1025 1129 1439 1207 constitutis
1476 1151 1554 1209 et
1604 1138 2086 1220 existentibus
2130 1140 2361 1252 prae-

177 1224 502 1298 sentium
545 1228 878 1301 notitiam·
911 1225 1267 1309 habituris
1299 1235 1610 1316 salutem
1667 1253 1742 1323 et'
1779 1252 2108 1348 gratiam.
2169 1258 2358 1348 Quia

176 1353 325 1403 nos
358 1330 667 1406 eandem
707 1333 918 1409 Ciuit.
957 1356 1284 1417 nostram
1303 1343 1568 1421 Poson.
1600 1349 2185 1461 circumquaque
2225 1364 2366 1443 fos·

176 1434 358 1512 satis
395 1436 665 1513 vallare
697 1458 768 1515 et
803 1450 1273 1544 praemunire
1302 1449 1793 1553 intendimus,
1848 1481 1932 1538 ut
1966 1466 2122 1569 ipsa
2154 1470 2366 1548 Ciui-

185 1556 302 1617 tas
341 1560 589 1619 nostra
626 1545 721 1619 ab
757 1546 1072 1624 bostium
1106 1554 1496 1647 insultibus
1536 1567 2001 1647 commodius
2050 1591 2127 1649 et
2170 1577 2358 1661 libe-

177 1649 339 1724 rius
373 1650 606 1727 valeat
644 1658 1151 1756 praeservari:
1207 1660 1377 1737 ideo
1410 1683 1697 1745 vestrae
1738 1677 2232 1759 universitatis
2284 1704 2362 1762 et
2440 1679 2448 1685 ’

181 1753 583 1858 cujuslibet
620 1777 946 1837 vestrum
974 1760 1306 1843 fidelitati
1341 1766 1756 1859 firmissimo
1809 1796 2066 1862 nostro
2117 1792 2353 1895 Regio

178 1861 444 1938 damus
493 1861 646 1941 sub,
691 1882 1131 1972 praecepfo3
1157 1884 1562 1975 “quatenus
1619 1884 1789 1959 visis
1853 1898 2358 1989 praesentibus

176 1968 527 2044 omnibus
567 1966 1261 2054 dissimulationibus
1291 1998 1368 2058 et
1406 1987 1740 2088 qualibet
1779 2019 2037 2075 recusa
2095 2027 2182 2078 ac
2222 2024 2363 2089 ‘re-z

171 2075 490 2152 nitentia
544 2085 983 2183 postergatis
1013 2134 1037 2173 ,
1091 2086 1480 2166 universos
1536 2121 1623 2168 ac
1663 2097 1989 2202 singulos
2040 2110 2360 2211 populos

170 2198 256 2255 et
276 2181 772 2286 Jobbagiones
791 2205 1078 2266 vestros
1111 2190 1204 2265 ad
1233 2192 1590 2273 fossuram
1613 2215 2357 2309 &praeparationem

168 2284 597 2392 hujusmodi
622 2290 1067 2387 fossatorum
1096 2303 1875 2401 praetactae'Civitatis
1909 2328 2201 2398 nostrae
2225 2326 2375 2423 Po-'

167 2396 536 2471 seniensis
566 2394 768 2499 juxta
801 2397 1409 2482 Informationem
1439 2429 1517 2486 et
1549 2418 2119 2516 requisitionem
2175 2427 2351 2507 fide·

162 2500 358 2576 lium
396 2522 820 2579 nostrorum
853 2505 1336 2613 Egregiorum
1376 2513 1741 2621 Stephani
1779 2542 1854 2600 et
1893 2529 2202 2637 Georgy
2253 2536 2352 2616 do

163 2609 899 2710 RozgonComitum
936 2613 1490 2697 Posoniensium
1527 2625 1844 2732 dirigere
1866 2653 1944 2712 et
1980 2632 2347 2721 destinare
2440 2678 2445 2683 ·
2532 2660 2547 2673 “
2630 2658 2639 2674 “

168 2712 551 2812 debeatis3
606 2710 940 2822 alioquin
977 2725 1473 2817 commisimus
1510 2748 1585 2805 et
1621 2739 1810 2812 serie
1849 2751 2342 2844 praesentium

169 2823 616 2901 comittimus
637 2877 659 2916 ,
697 2824 978 2903 eisdem
1009 2830 1385 2934 Stephano
1419 2851 1496 2911 et
1530 2839 1859 2947 Georgio
1890 2848 1985 2922 de
2010 2853 2339 2960 Rozgon

165 2930 580 3005 Comitibus
605 2988 630 3024 ‚
691 2948 773 3007 ut
810 2931 946 3035 ipsi
980 2940 1355 3015 universas
1384 2950 1878 3045 possessiones
1906 2973 2223 3056 vestras,
2259 2982 2337 3040 et

166 3034 423 3113 talium
468 3063 562 3112 ex
612 3037 865 3131 vobis,
921 3044 1050 3143 qui
1085 3039 1499 3149 hujusmodi
1541 3055 1883 3149 mandata
1922 3082 2171 3153 nostra
2209 3067 2337 3159 Qh.

157 3167 452 3220 servare
503 3162 973 3243 recusarent,
1047 3176 1188 3252 pro
1248 3172 1516 3230 nostra
1571 3186 1977 3263 occupare„
2013 3168 2331 3251 debeant

159 3246 563 3355 Maiestate.
622 3250 856 3329 Sectis
889 3255 1110 3354 igitur
1145 3253 1388 3334 facere
1422 3288 1573 3338 non
1618 3274 1907 3365 ausuri,
1980 3302 2335 3377 praesen-2

155 3373 270 3432 tes
313 3355 673 3461 perlectas
707 3357 916 3435 reddi
955 3359 1298 3464 jubemus
1338 3377 1852 3474 praesentanti.
1921 3380 2198 3475 Datum
2245 3390 2319 3461 in

155 3463 435 3540 Rodno
473 3467 795 3567 partium
833 3485 1250 3548 nostrarum
1266 3472 1940 3578 Transyluanarum
1968 3480 2153 3567 feria
2182 3509 2321 3569 ter»

148 3569 254 3644 tia
290 3574 629 3674 proxima
669 3589 835 3673 post
874 3571 1141 3650 festum
1192 3580 1623 3659 visitationis
1658 3586 1977 3690 Virginis
2021 3595 2317 3676 Glorio-

45 3674 48 3683 ’
145 3701 316 3769 sae,
370 3677 595 3753 Anno
640 3679 938 3752 Domini
990 3678 1525 3763 MCDXXVII.
1582 3695 2014 3795 Regnorum
2065 3722 2316 3780 nosto-

143 3809 316 3858 rum
348 3783 571 3859 Anno
609 3785 1029 3886 Hungariae
1056 3808 1199 3864 etc.
1256 3795 1450 3871 XLI.
1514 3796 2026 3883 Romanorum
2068 3811 2307 3889 XVII.

145 3907 225 3964 et
257 3887 647 3967 Bohemiae
685 3893 1025 3997 septimo.
1051 3894 1417 3977 ,Volumus
1449 3904 1665 3979 etiam
1700 3924 1787 3982 et*
1804 3908 2151 4005 fidelibus⁸
2178 3944 2306 3993 no·

53 4004 60 4013 ’
140 3995 312 4074 stris
342 3996 618 4081 Judlci,
672 4001 946 4076 Juratis
997 4001 1297 4079 Civibus
1338 4024 1412 4081 et
1454 4013 1590 4086 toti
1627 4012 2306 4100 Comunitati'Ciui-

145 4103 311 4178 tatis
350 4118 642 4182 nostrae
670 4106 1130 4187 Posoniensis
1150 4112 1367 4189 simili
1391 4137 1643 4194 nostro
1674 4122 2073 4262 Regiqsub
2100 4157 2306 4234 prae·
