2875 4842
722 439 866 511 178

606 649 744 724 alie
778 638 1399 723 vorbesehrieb'en
1440 639 1838 739 Meinunge
1886 652 2035 714 stet
2078 635 2228 711 und
2265 660 2454 736 ganz
2486 661 2575 709 zu
2605 638 2744 714 hal·

608 756 824 831 denn.
901 755 1046 828 Des
1090 748 1330 823 baben
1387 747 1525 823 wir
1563 771 1787 821 unser
1823 741 2180 848 Ingesigel
2222 743 2450 817 lassen
2489 741 2741 845 beugen

600 892 695 938 an
735 843 1012 936 diesem
1058 859 1284 933 Briue
1327 882 1414 929 zu
1461 850 1813 928 Urkunde
1846 849 2267 948 derseligem
2318 852 2411 926 ist
2443 876 2533 923 zu
2570 849 2739 927 Brne

599 967 787 1045 nach
854 964 1134 1041 Christe
1194 960 1489 1036 Geburt
1552 956 1882 1034 dreitzen
1944 954 2295 1033 Hundert
2345 955 2564 1047 Jabr,
2632 957 2740 1033 dar

596 1074 790 1152 nach
823 1074 898 1147 in
942 1070 1090 1147 den
1140 1068 1314 1143 ftinf
1342 1065 1491 1142 und
1531 1064 2000 1166 aichtzigsten
2032 1061 2206 1139 Jare
2253 1062 2385 1140 des
2425 1065 2737 1141 Diensta-

590 1208 720 1286 ges
761 1209 854 1258 zu
883 1178 1019 1254 der
1060 1175 1372 1280 hailigen
1418 1171 2085 1250 Creutzwoehenf‘
2173 1195 2179 1204 ·

674 1305 961 1367 Ῑηᾱίιὶειπι

1522 1453 1828 1540 XLVII.

588 1616 736 1671 Idem
751 1612 925 1683 fidoli
959 1611 1202 1665 ciuitati
1239 1609 1447 1665 Poson.
1488 1606 1776 1664 libanam
1798 1637 1817 1667 2
1856 1608 2226 1662 munitam
2243 1637 2260 1672 ,
2295 1623 2368 1660 oe
2403 1605 2730 1663 eonsuetudi-

781 1726 880 1772 nes
909 1703 1208 1774 confirmat
1226 1735 1247 1764 ,
1281 1721 1349 1756 ac
1385 1702 1763 1771 defensionem
1794 1717 1993 1758 contra
2022 1702 2211 1757 boatu
2236 1704 2485 1757 addicie-
2516 1702 2576 1760 A.
2602 1701 2729 1758 1³85.

674 1877 681 1887 .
791 1817 1305 1922 sigismundus
1365 1818 1503 1890 Dei
1550 1818 1801 1892 Gratia
1857 1814 2193 1891 Marchio
2255 1816 2735 1893 Brandenbur·

594 1929 882 2030 gensis,
934 1924 1146 2000 Sacri
1191 1922 1509 1998 Romani
1547 1923 1849 2027 Imperii
1906 1920 2135 2004 Archi
2167 1922 2630 2000 Camerarius
2659 1939 2735 1997 te-

588 2059 774 2130 nore
834 2033 1368 2132 praesentium.
1406 2033 1808 2103 memoriae
1873 2027 2410 2105 comendentes
2466 2027 2733 2136 profite-

596 2167 807 2232 mur,
863 2137 1136 2240 quibus
1169 2135 1470 2240 expedit
1503 2137 1882 2211 universis.
1962 2138 2148 2226 Quia
2191 2136 2588 2238 prudentes
2618 2135 2736 2210 Vi-

587 2249 653 2322 ri
697 2243 934 2319 Jurati
984 2244 1239 2336 Cives,
1315 2259 1617 2343 totaque
1675 2244 2177 2319 Communitas
2233 2241 2565 2319 Ciuitatis
2618 2243 2736 2317 Po·

591 2352 945 2430 seniensis
1002 2349 1670 2426 animadvertentes
1709 2347 2082 2424 adversua'
2109 2349 2643 2426 ordinationem
2678 2363 2740 2450 et

588 2459 1142 2562 dispositionem
1188 2483 1323 2559 per
1364 2453 1858 2530 Clarissimum
1898 2456 2321 2559 Principem
2363 2460 2737 2533 Dominum

586 2564 1053 2641 Ludovicum
1102 2560 1338 2639 felicis
1369 2561 1899 2638 reeordationis
1937 2564 2402 2662 Hungariae,
2463 2564 2735 2640 Poloni-

587 2696 712 2765 ae,
788 2669 1185 2744 Dalmatiae
1241 2672 1525 2770 Regem
1579 2668 1777 2743 inter
1836 2669 2286 2771 praeclaram
2365 2672 2734 2746 Dominam

592 2775 907 2850 Mariam
963 2791 1204 2849 natam
1246 2773 1570 2847 eiusdem
1627 2800 1710 2846 ac
1754 2798 1886 2848 nos
1940 2774 2165 2851 factas
2214 2794 2291 2852 et
2338 2778 2734 2867 roboratas,

589 2908 825 2987 usque
859 2879 1084 2956 modo
1124 2880 1399 2956 multas
1426 2879 1642 2954 nobis
1677 2877 1834 2954 fleri
1881 2902 1957 2959 et
1992 2879 2249 2959 inferri
2288 2885 2738 2987 prorogatio-

585 3013 717 3064 nes
757 2993 835 3062 et'
866 2985 1317 3091 obprobria,
1373 2988 1925 3090 sentientesque
1962 2990 2218 3064 eadem
2266 2995 2584 3067 maxime
2614 2983 2737 3063 no-

590 3095 705 3172 bis
765 3092 1244 3188 sorecordi,
1300 3111 1378 3169 et
1438 3088 1855 3171 huiusmodi
1913 3094 2300 3171 dilationes
2362 3126 2500 3175 nos
2567 3092 2733 3172 nolle

592 3205 789 3307 pati,
843 3226 983 3276 nec
1018 3200 1364 3276 tollerare
1404 3225 1546 3302 per
1579 3202 1928 3304 amplius,
1979 3203 2104 3276 sed
2143 3205 2371 3307 magis
2411 3200 2736 3310 prosequi

591 3322 838 3384 nostra
875 3307 1163 3410 negotia
1200 3332 1331 3394 seu
1365 3304 1644 3407 agenda
1682 3311 1840 3382 sine
1874 3308 2408 3400 intermissione
2442 3339 2577 3415 per
2615 3312 2740 3384 Re-

593 3439 820 3517 gnum
856 3413 1316 3513 Hungariae‚
1370 3411 1593 3484 iidem
1630 3412 1869 3490 Jurati
1909 3431 1982 3488 et
2030 3417 2530 3494 Communitas
2567 3415 2736 3493 Civi-

594 3520 760 3592 tatis
802 3519 1258 3595 posoniensis
1301 3515 1769 3602 fidelitatem,
1826 3545 2048 3621 quam
2097 3542 2478 3622 gesserunt
2516 3518 2734 3627 quoad

593 3621 1208 3703 sublimationem
1265 3641 1560 3701 nostrae
1623 3623 2028 3720 Claritatis,
2100 3630 2580 3707 effectualiter
2628 3628 2736 3702 de-

593 3745 1127 3824 monstrantes,
1184 3728 1508 3807 rotundo
1565 3734 1809 3808 animo
1846 3751 1921 3808 et
1953 3735 2252 3838 'absqu'e
2288 3725 2555 3839 quov'is
2607 3734 2735 3810 ob-

593 3836 875 3920 staculo
924 3860 1004 3910 se
1057 3854 1348 3914 nostrae
1415 3837 1693 3916 Ditioni
1757 3839 2268 3934 subiecerunt,
2340 3843 2736 3943 debitisque

595 3944 955 4050 praestitis
1002 3942 1346 4046 obstagiis
1398 3947 1472 4019 in
1524 3946 1853 4049 ipsorum
1915 3948 2311 4025 Dominum
2353 3947 2733 4027 naturalem

593 4075 730 4124 nos
766 4067 1191 4124 reverenter
1225 4067 1749 4146 susceperunt3
1788 4054 1943 4129 Nos
1975 4054 2199 4159 igitur
2246 4053 2738 4134 dictorumJu-

591 4173 919 4235 ratorum
955 4155 1247 4236 Civium
1286 4170 1367 4231 et
1403 4154 1805 4235 Consulum
1842 4162 2494 4262 nostrae-Civitatis
2532 4164 2735 4243 Poso-
