2875 4842
2068 460 2224 552 341

168 692 357 752 rumz
416 682 673 743 contra
714 667 900 744 alios
954 691 1136 745 vero
1180 667 1537 773 praedicti
1593 670 1894 746 Domini
1942 669 2335 748 Wladislai

170 772 379 873 Regis
415 772 738 852 aemulos
776 790 904 851 aut
934 776 1430 870 iniuriatores,
1474 777 1868 882 quoslibet,
1900 776 2140 879 ipsum
2174 778 2342 855 iux·

164 895 230 952 ta
298 875 581 954 arbitrii
673 884 936 976 nostris
1020 880 1564 987 beneplacitum
1640 884 1896 960 iuuare
1978 884 2345 986 promitti-

163 1013 312 1061 mus
365 1004 443 1061 et
471 985 917 1090 spondemus
955 987 1581 1090 quemadmodum
1621 993 1861 1065 amico
1912 986 2161 1066 facere
2218 1018 2342 1094 ex·

61 1130 70 1140 ·
171 1092 402 1195 pedit,
483 1110 708 1194 atque
768 1091 1003 1169 decet.
1069 1094 1443 1199 ,Idemque
1500 1096 1862 1171 Dominus
1934 1094 2342 1174 Vladislaus

117 1219 122 1232 ·
165 1200 316 1274 Rex
354 1198 451 1275 ad
483 1216 813 1275 nostram
863 1201 1440 1303 postulationem
1496 1216 1760 1278 contra
1812 1223 2064 1305 regem
2120 1203 2340 1277 Hun-

165 1309 388 1408 gariae
456 1320 534 1381 et
590 1304 825 1409 ipsius
890 1304 1266 1383 'Subditos
1332 1334 1476 1413 pro
1551 1323 1711 1386 toto
1783 1309 2010 1413 ipsius
2085 1331 2340 1412 posse,

166 1430 374 1512 atque
456 1413 785 1516 potentia
855 1410 1013 1489 Nos
1090 1413 1317 1489 debet
1392 1430 1469 1488 et
1524 1413 1898 1489 tenebitur
1945 1409 2341 1505 adiu'uare3

166 1535 410 1595 contra
481 1518 660 1592 alios
720 1542 900 1595 vero
967 1537 1264 1615 nostros
1317 1519 1646 1595 aemulos
1702 1521 1903 1596 iuxta
1955 1521 2182 1624 ipsius
2241 1521 2341 1595 li-

168 1623 316 1700 beri
379 1624 675 1700 arbitrii
748 1626 1300 1727 beneplacitum
1384 1623 1623 1702 Nobis
1674 1627 2191 1722 auxiliabitur,
2262 1644 2343 1702 vt

169 1734 459 1807 amicus.
499 1733 698 1830 Quas
735 1732 1038 1836 quidem
1086 1732 1373 1836 priores
1419 1749 1702 1808 nostras
1757 1732 2039 1808 Literss
2075 1751 2152 1807 et
2189 1731 2343 1806 ob-

166 1835 541 1941 ligationes
601 1856 838 1942 gratas
897 1855 973 1913 et
1035 1854 1249 1915 ratas
1292 1837 1684 1932 habentes,
1715 1915 1721 1922 ,
1751 1840 1941 1944 ipsas
1995 1845 2356 1940 tanquam

166 1970 404 2020 earum
490 1961 707 2021 tenor
784 1944 879 2020 de
957 1946 1196 2021 verbo
1269 1945 1363 2020 ad
1434 1938 1754 2021 verbum
1829 1945 2343 2050 praesentibus
2468 2019 2481 2036 ,

167 2071 340 2128 esset
397 2053 769 2146 insertuS,
841 2052 1384 2155 approbamus,
1454 2047 1947 2148 ratificamus,
2002 2067 2078 2127 et
2132 2052 2343 2153 vigo-

170 2182 244 2232 re
298 2161 801 2261 praesentium
869 2155 1429 2254 confirmamus3
1485 2157 1904 2233 adiacentes
1940 2176 2028 2234 ‚et
2071 2154 2343 2234 adiun-

165 2283 404 2364 gentes
431 2275 485 2359 ,'
518 2262 725 2366 quod
792 2267 855 2340 si
911 2266 1079 2363 quis
1144 2291 1240 2340 ex
1295 2266 1511 2341 nobis
1560 2266 1968 2340 motionem
2020 2263 2342 2366 aliquam

166 2371 442 2455 facere,
502 2387 578 2445 et
613 2395 691 2446 se
735 2370 949 2460 nobis
990 2396 1375 2475 opponere
1417 2372 2035 2474 praesumpserit,
2076 2386 2203 2443 aut
2236 2385 2340 2443 at-

127 2511 136 2518 »
169 2477 632 2580 temptauerit
669 2475 949 2582 aliquid
991 2495 1250 2554 contra
1291 2476 1615 2553 eundem
1660 2477 2059 2552 Dominum
2092 2473 2342 2549 Vladi-

166 2581 384 2660 slaum
409 2637 444 2675 ,
505 2582 726 2659 talem
759 2583 1101 2658 volumus
1143 2609 1289 2659 vna
1320 2607 1493 2659 cum
1522 2583 1691 2658 iam‘
1715 2579 1919 2656 dicto
1966 2579 2339 2657 Vladislao

167 2685 399 2791 Rege,
462 2707 539 2767 et
571 2690 729 2793 ipse
774 2687 1187 2780 Nobiscum
1232 2685 1782 2793 compensando
1823 2687 2072 2765 debite
2123 2687 2338 2763 tolle-

170 2821 262 2872 re.
312 2801 398 2873 In
433 2799 647 2873 cuius
686 2797 798 2873 rei
834 2794 1277 2874 euidentiam
1309 2813 1386 2873 et
1428 2810 1869 2901 perpetuam
1916 2790 2340 2880 firmitatem

167 2901 472 3004 sigillum
507 2920 843 2979 nostrum
883 2907 1118 2980 mai'us
1172 2931 1308 3009 per
1363 2902 1712 3004 Maynam
1770 2916 1848 2976 et
1901 2899 2339 2995 Volculum,
2436 2912 2447 2920 “

173 3005 491 3112 Comites
529 3025 824 3088 nostros
846 3007 1094 3084 fideles
1129 3010 1636 3115 praesentibus
1659 3004 1982 3112 appendi
2004 3006 2335 3082 fecimus.

172 3116 436 3191 Datum
486 3117 564 3190 in
638 3114 1055 3217 Lembe'rga
1102 3116 1179 3189 in
1207 3133 1502 3194 'octaua
1553 3117 1950 3191 Beatorum
2008 3112 2206 3188 Petri
2265 3129 2343 3189 et

55 3289 64 3298 .
172 3216 364 3310 Pauli
406 3222 971 3328 Apostolorum.
1012 3222 1231 3298 Anno
1273 3220 1580 3310 Domini
1622 3219 2019 3300 Millesimo
2054 3235 2338 3316 trecen·

176 3331 422 3407 tesimo
469 3330 949 3433 nonagesimo
991 3329 1312 3433 primo.“

244 3471 415 3549 Apud
442 3472 672 3549 Dogiel
706 3474 744 3536 l.
780 3487 839 3532 e.
873 3473 980 3533 sol.
1015 3471 1174 3534 599.
1193 3471 1288 3530 Ex
1330 3470 1645 3546 originali.
1689 3469 1861 3528 Haec
1893 3468 2148 3531 Mirxae
2183 3465 2338 3541 Vaj-

353 3573 547 3639 nudae
584 3575 910 3638 infidelitas
946 3593 1018 3636 eo
1051 3576 1298 3653 grauior
1321 3576 1559 3648 fuerat,
1597 3589 1711 3648 quo
1744 3573 1962 3632 maiori
1988 3563 2339 3648 Sigismtsn-

349 3685 465 3747 dus
501 3683 660 3744 anno
697 3687 810 3745 hoe
849 3701 998 3744 vsus
1034 3685 1236 3744 ruerat
1275 3684 1562 3755 fortuna;
1607 3695 1745 3738 nam
1779 3683 1842 3739 et
1879 3677 2155 3749 Turcas,
2201 3674 2340 3738 Sil-e

344 3790 639 3850 miensem
689 3770 1066 3863 prouinciam
1098 3775 1484 3844 incursantes
1512 3823 1529 3854 ,
1580 3781 1773 3841 semel
1808 3780 2140 3853 iterumque
2171 3773 2343 3837 clade

355 3891 645 3963 affectos‘,
691 3891 764 3948 ab
805 3887 1060 3968 agendis
1090 3884 1337 3965 praedis
1377 3884 1689 3957 cohibuit3
1739 3898 1883 3959 spes
1925 3895 2161 3956 quoque
2199 3879 2340 3938 fue-

339 3995 438 4051 *rit
493 3993 758 4054 Bosniae
780 4034 797 4067 ‚
861 3993 1095 4053 Joanne
1153 3985 1227 4048 de
1288 3987 1541 4046 Palisna
1562 4027 1579 4060 ,
1646 3985 2082 4045 coniurationis
2140 3983 2343 4056 eapite

356 4094 523 4154 XIV.
552 4092 730 4156 Febr.
764 4098 826 4154 et
862 4092 1156 4155 Twartko
1181 4135 1202 4169 ‚
1245 4088 1511 4149 Bosniae
1548 4101 1702 4165 rege
1721 4128 1740 4162 ,
1800 4086 2033 4174 xm·
2087 4081 2299 4143 Martii
2319 4099 2347 4136 ,-

358 4197 662 4290 destinetis
684 4245 704 4278 ‚
750 4216 822 4260 ac
869 4199 1320 4260 coniuratorum
1368 4195 1557 4257 rebus
1608 4194 1998 4257 conclamatis
2012 4232 2031 4266 ,
2090 4202 2339 4265 compo-
