2875 4842
630 397 783 469 584

519 610 658 687 rita
717 603 1048 685 fidelium
1102 622 1530 681 nostrorum
1579 607 1871 682 sincere
1922 601 2385 692 dilectorum.
2446 607 2731 686 Reve-

519 713 737 793 rendi
780 716 857 789 in
895 715 1055 789 Xto
1088 713 1319 816 patris
1355 713 1658 787 Domini
1684 705 2039 812 Stephani
2084 709 2436 816 Episcopi
2476 716 2729 788 Tran-

521 824 777 899 siluan.
811 846 953 897 neo
1008 848 1161 896 non
1208 817 1520 895 Ladislai
1564 818 1885 894 filiorum
1931 822 2252 894 Emerici
2300 817 2397 895 de
2449 823 2725 924 Upon

520 929 793 1032 quibus
833 927 971 1030 ipsi
1006 955 1046 1000 a
1080 929 1515 1029 'longinquis
1556 919 2016 1030 temporibus
2042 981 2063 1017 ‚
2143 942 2532 1029 postquam
2591 927 2731 1001 di·-

521 1042 692 1111 vina
744 1034 957 1110 uobis
1005 1030 1466 1122 concedente
1522 1033 1908 1110 clementia
1947 1032 2257 1128 solium,
2314 1051 2383 1106 et
2417 1033 2728 1135 guber-

520 1142 780 1219 nacula
819 1137 1174 1240 praedicti
1220 1141 1456 1239 Regni
1497 1143 1729 1217 nostri
1766 1139 2145 1241 Hungarie
2188 1138 2503 1216 feliciter
2533 1139 2729 1214 ade·

519 1253 629 1352 pti
669 1249 978 1338 fuimus,
1035 1249 1261 1324 veluti
1297 1250 1589 1323 sincere
1631 1244 1991 1321 fidelitatis
2033 1244 2390 1322 zelatores
2437 1253 2726 1324 nostris

518 1357 790 1433 votiuis
826 1352 1202 1432 desideriis
1249 1379 1327 1432 se
1380 1345 1740 1429 continuo
1771 1352 2396 1456 obtemperantes,
2449 1357 2534 1429 In
2591 1382 2720 1428 vn·

518 1464 644 1539 riis
688 1463 995 1554 nostris,
1032 1479 1129 1550 ‘et
1158 1460 1517 1565 praedicti
1569 1462 1807 1561 Regni
1864 1458 2096 1535 nostri
2150 1460 2524 1564 Hungarie
2591 1491 2717 1536 ar·

432 1562 443 1572 ’
519 1569 682 1646 duis
720 1593 1082 1670 negocys,
1156 1585 1233 1644 et
1285 1566 1544 1646 validis
1589 1563 1947 1668 agendis,
2019 1566 2236 1670 sicuti
2279 1572 2714 1672 prosperi3‚

519 1677 627 1752 sic
662 1692 739 1750 et
781 1674 1148 1769 adversis,
1182 1673 1454 1751 nedum
1494 1702 1630 1778 per
1662 1672 2138 1749 laudabilium
2175 1678 2577 1750 constantis
2625 1672 2710 1749 fl·

492 1780 836 1866 ¹delitatis
882 1808 1195 1905 operum
1229 1784 1620 1857 efficaciam
1645 1836 1667 1873 ‚
1723 1808 1982 1856 verum
2021 1780 2242 1856 etiam
2280 1782 2464 1855 mira
2523 1808 2709 1856 con-

518 1889 662 1964 silii
698 1906 1115 1972 maturitate
1141 1943 1164 1980 ‚
1200 1905 1276 1963 et
1314 1887 1692 1987 diligentia
1733 1885 2071 1992 pervigili
2107 1887 2181 1961 in
2222 1884 2530 1965 diversis
2563 1906 2714 1964 tra-

518 1995 829 2071 ctatibus
866 1996 1129 2098 regni,
1183 2013 1264 2070 et
1297 1993 1838 2097 regnicolarum
1890 2010 2319 2070 nostrorum
2370 2019 2705 2070 commo-

519 2099 696 2178 dum
730 2119 807 2178 et
843 2102 1261 2207 profectum
1296 2126 1581 2178 summe
1620 2099 2112 2204 tangentibus,
2144 2100 2284 2178 sub
2320 2100 2706 2176 diuersita-

521 2224 595 2283 te
632 2209 965 2292 locorum
989 2263 1013 2300 ,
1057 2224 1131 2283 et
1164 2226 1620 2311 temporum.
1677 2207 1767 2285 Et
1803 2210 2174 2307 signanter
2208 2208 2544 2313 praefato
2569 2207 2704 2282 La·

517 2311 753 2393 dislao
792 2318 988 2392 inter
1028 2313 1167 2390 alia
1204 2316 1278 2390 in
1322 2313 1610 2389 duabus
1646 2313 2240 2417 expeditionibus
2286 2313 2700 2391 exercitua-

518 2420 751 2516 libus‚
806 2440 1064 2498 contra
1096 2422 1474 2524 inpiorum
1520 2422 1939 2497 Turcorum
1984 2417 2161 2518 dicti
2194 2421 2433 2526 Regni
2461 2419 2698 2498 nostri

521 2527 931 2630 Hungarie,
962 2548 1036 2605 et
1063 2547 1486 2607 nostrorum
1526 2528 1941 2605 emulorum
1973 2552 2062 2602 ac
2103 2532 2341 2605 crucis
2376 2528 2513 2604 Xti
2540 2552 2700 2632 per-

519 2645 946 2712 secutorum
982 2634 1411 2712 morbidam.
1451 2632 1776 2725 rabiem,
1833 2635 2269 2711 instauratis.
2349 2636 2433 2709 In
2500 2664 2700 2738 qua-

518 2769 687 2817 rum
725 2767 869 2817 una
904 2743 979 2815 in
1021 2741 1402 2843 Turkyam
1460 2766 1597 2846 per
1652 2739 1952 2818 eosdem
2001 2739 2286 2818 Turcos
2345 2738 2695 2817 abducto·

520 2844 865 2923 Secunda
903 2873 1078 2924 vero
1111 2848 1450 2924 similiter
1487 2874 1625 2950 per
1659 2846 1963 2926 eosdem
2001 2846 2287 2923 Tui-cos
2352 2849 2427 2923 in
2485 2874 2698 2950 prae·

464 3011 471 3025 .
522 2951 726 3030 dicto
764 2957 1021 3057 Regno
1054 2949 1314 3031 nostro
1365 2956 1604 3030 Bozne
1638 2954 1981 3039 detento,
2038 2978 2126 3028 ac
2156 2952 2360 3030 dirae
2394 2956 2702 3060 captivi·

519 3063 692 3138 tatis
746 3063 1267 3165 mancipiatum
1325 3065 1706 3138 incurrere
1766 3087 1917 3137 uon
1962 3080 2391 3153 recusante,
2450 3062 2697 3163 prouti

521 3170 745 3244 etiam
782 3194 1023 3260 nunc,
1076 3170 1151 3245 in
1184 3170 1346 3274 ipso
1383 3169 1652 3272 Regno
1705 3185 1963 3246 nostro
2018 3168 2278 3245 Bozne
2334 3197 2473 3273 per
2504 3196 2696 3246 nou·

516 3276 762 3349 nullos
794 3296 1084 3350 nostros
1115 3276 1396 3351 emulos
1425 3272 1658 3379 procli
1682 3273 1902 3352 dolor
1924 3278 2204 3350 vinctus
2235 3289 2556 3364 tenetur,
2590 3302 2695 3350 sa·

493 3382 607 3456 .tis
640 3381 846 3475 dire,
905 3381 1652 3487 plurimorum‘etiam
1709 3407 2013 3457 suorum
2070 3407 2417 3460 carorum
2481 3383 2696 3462 fami-

516 3486 856 3583 liarium,
911 3486 1291 3564 crudelem
1334 3503 1653 3589 stragem
1681 3535 1705 3580 ,ς
1758 3501 1846 3566 ac
1884 3489 1963 3566 in
1999 3487 2513 3592 captiuitatem
2566 3487 2699 3564 du-

514 3594 887 3685 ctionem,
943 3621 1083 3671 nec
1124 3622 1271 3669 non
1318 3620 1661 3697 magnum
1700 3620 1956 3671 rerum
1996 3593 2347 3688 suarum',
2420 3613 2498 3671 et
2571 3596 2702 3671 bo-

513 3726 785 3796 norum
831 3703 1333 3792 amissionem,
1387 3699 1696 3776 minime·
1729 3699 2184 3780 advertente.
2241 3697 2524 3777 Sed‘se
2551 3728 2699 3807 pro

512 3807 753 3884 nostri
792 3810 970 3911 regii
1008 3807 1311 3885 honoris
1344 3805 1847 3899 exaltacione,
1902 3833 1991 3884 ac
2044 3806 2249 3909 regni
2294 3825 2374 3885 et
2417 3808 2700 3914 Regni·

511 3916 842 3992 colarum
874 3932 1297 3991 nostrorum
1337 3915 1651 4022 tuitione
1686 3910 1998 3990 fideliter
2040 3933 2117 3993 et
2151 3914 2519 4019 intrepide
2571 3942 2696 3991 ex·

510 4027 820 4125 ponens.
874 4022 1142 4125 Neque
1191 4046 1507 4123 persone
1541 4019 1909 4120 ‘pei-iculi,
1967 4019 2449 4096 auvarorum
2479 4020 2690 4096 dnm-

508 4130 635 4236 pni
667 4145 1025 4222 curante,
1071 4126 1490 4204 celsitudini
1526 4144 1822 4221 nostre,
1859 4124 1958 4205 'et'
1996 4149 2205 4206 sacre
2264 4127 2491 4234 ipsius
2543 4131 2692 4207 Re-
