2875 4842
2032 501 2041 513 ·
2075 469 2233 589 ⁴⁹³

125 679 469 758 Albensi
510 674 830 789 partium
859 677 1278 754 nostrarum
1305 678 1955 756 Transiluanarum
1983 678 2335 778 habitam,

123 788 357 866 simul
397 808 585 864 cum
618 779 948 864 eiusdem
981 782 1339 862 universis
1373 785 1805 864 utilitatibus
1836 812 1924 861 ac
1972 789 2337 890 quibusli-

124 894 260 972 bet
305 894 792 1000 pertinentiis
854 909 930 967 et
974 886 1652 986 fructuositatibm,
1723 890 2068 971 videlicet
2116 900 2335 976 terrio

124 1001 551 1078 arabilibus
574 1053 597 1093 ,
653 1001 865 1101 (pultis
895 1015 972 1074 et
1010 995 1364 1075 incultis
1338 1040 1364 1091 ‚=
1417 1003 1691 1130 pratis,
1750 999 2134 1096 fenilibus,
2200 1001 2331 1082 ai}-

122 1111 287 1204 uiS,
346 1107 837 1203 nemoribus,
888 1108 1141 1209 aquis,
1195 1105 1569 1210 piscinin,
1582 1126 2123 1213 aquarumque
2183 1109 2328 1187 de-

120 1213 538 1309 cursibus,
593 1231 671 1290 et
714 1213 1160 1319 generaliter
1194 1213 1651 1317 quibuslibet
1682 1213 2010 1292 eiusdem
2054 1217 2326 1292 utilin-

41 1382 46 1391 .
119 1338 292 1401 tum
336 1318 941 1424 integritatibu03
996 1319 1185 1396 sub
1163 1344 1505 1422 1psarum
1527 1321 1723 1398 veris
1753 1320 1969 1398 metis
2019 1341 2096 1402 et
2146 1325 2327 1399 anti·

117 1430 296 1533 quis
347 1427 768 1521 limitibus,
769 1450 1254 1551 quocunque
1289 1427 1611 1504 nominis
1645 1426 2014 1505 vocabulo
2051 1432 2326 1509 vocita-
2458 1432 2465 1437 ’

118 1541 214 1613 tis
252 1562 355 1613 ex
390 1551 602 1611 certa
629 1551 884 1613 nostra
933 1534 1235 1608 scientia
1282 1532 1930 1639 praelatorumque
1978 1554 2053 1613 et
2100 1539 2326 1615 Baro-
2446 1633 2457 1645 .

115 1668 308 1720 num
350 1654 794 1719 nostrorum
827 1639 1156 1716 Consilio
1196 1665 1285 1715 ac
1344 1666 1583 1718 novae
1633 1660 1932 1718 nostrae
1984 1636 2324 1722 donatio·

120 1750 238 1825 nis
276 1750 553 1841 titulo,
609 1764 683 1823 et
726 1746 930 1823 omni
965 1771 1062 1824 eo
1099 1748 1306 1843 iure,
1362 1775 1520 1851 quo
1557 1746 1814 1822 eadem
1862 1744 1985 1824 ad
1972 1752 2320 1828 nostram

117 1874 475 1961 spectant
515 1853 1024 1942 collationem,
1078 1871 1493 1932 memorato
1541 1854 1793 1954 Woyk
1819 1856 2034 1932 militi
2073 1875 2149 1934 et
2178 1882 2320 1958 per
2392 1906 2397 1911 ·

123 1988 300 2038 eum
345 1961 607 2065 Megas
649 1970 727 2037 et
765 1960 1008 2037 Radul
1045 1961 1510 2054 carnalibus,
1565 1987 1653 2037 ae
1702 1961 1940 2038 Radul
1996 1965 2317 2070 patrueli

115 2068 531 2161 fratribus,
621 2092 766 2143 nee
835 2094 985 2143 non
1037 2070 1085 2142 J
1103 2068 1278 2146 oha
1306 2094 1535 2145 nnec
1603 2067 1758 2144 filio
1818 2073 2026 2163 suis,
2102 2072 2316 2173 ipso-

118 2198 455 2282 rumque
515 2174 953 2249 haeredibus
1013 2193 1088 2252 et
1159 2156 1707 2279 posteritatibus
1765 2179 2123 2252 universis
2185 2177 2313 2254 de·

59 2272 66 2283 ¹
121 2280 420 2380 dimus,
481 2281 920 2356 domuimus
965 2296 1038 2355 et
1092 2279 1593 2371 contulimus,·
1640 2308 1820 2383 ymo
1869 2283 2125 2357 damus
2174 2283 2313 2363 do-

119 2416 387 2464 namus
428 2406 508 2467 et
538 2386 1040 2463 conferimus
1023 2413 1183 2461 lure
1203 2405 1573 2490 perpetuo
1612 2406 1685 2462 et
1720 2389 2311 2467 irreuocabiiiter

122 2512 373 2572 tenen.
427 2492 798 2620 possiden.
835 2497 1111 2598 pariter
1145 2512 1222 2570 et
1272 2493 1536 2570 haben.
1586 2496 1788 2575 salvo
1845 2496 2007 2572 iure
2066 2495 2309 2572 alieno

120 2605 634 2702 praesentium
672 2616 1088 2676 nostrarum
1119 2602 1537 2678 testimonio
1571 2580 2019 2725 litterarum,
2077 2630 2259 2705 quas
2282 2659 2305 2699 ,

123 2704 295 2783 dum
358 2709 666 2786 Nobis
645 2735 721 2781 ιιι
786 2705 1060 2811 Specie
1110 2706 1382 2784 fuerint
1413 2724 1833 2811 reportatae
1870 2710 1944 2783 in
1987 2710 2304 2789 formam

122 2819 356 2891 nostri
394 2814 770 2918 privilegii
812 2813 1048 2919 redigi
1089 2814 1458 2890 faciemus.
1494 2816 1828 2889 Datum
1806 2841 1880 2890 ιιι
1914 2817 2303 2920 Vissegrad

121 2920 197 2994 in
251 2922 477 3000 Festo
526 2921 730 2997 Beati
791 2922 1039 2996 Lucae
1103 2919 1630 3026 Euangelistae.
1725 2922 1945 2998 Anno
1996 2925 2302 3035 Domini

120 3026 473 3106 MCDIX.
536 3024 642 3101 L.
683 3024 764 3101 8.
816 3028 1171 3132 appressi.

199 3153 250 3214 E
287 3155 487 3233 Copia
522 3150 779 3228 Josephi
821 3152 887 3215 Ο.
925 3150 1221 3226 Kemeny.
1280 3153 1598 3231 originale
1634 3154 1698 3212 in
1747 3153 2019 3214 Archino
2076 3151 2296 3212 Came-

203 3307 210 3311 .
307 3275 421 3320 rae
456 3259 534 3318 R.
552 3254 875 3317 Budenaia·
909 3254 1098 3334 copia
1126 3257 1557 3317 authenticam
1597 3256 1867 3318 Archino
1891 3256 2060 3318 Pisci
2093 3256 2297 3316 Tran-

316 3365 631 3428 siluanici.

1036 3527 1362 3605 CCI-III.

125 3666 411 3737 Vajuodae
454 3669 712 3727 Τναπείἱ.
739 3670 1114 3742 priuilegium
1140 3670 1506 3744 largiuntur·-
1552 3669 1822 3728 41400.

308 3781 466 3857 Nos
482 3780 807 3858 Jacobus
829 3780 1080 3857 Laehk
1113 3781 1209 3856 de
1245 3781 1595 3859 Zanthou
1624 3799 1700 3858 et
1724 3784 1770 3857 J
1773 3810 2050 3862 oannes
2068 3780 2295 3862 Heu-‘-

125 3906 338 3961 mann
374 3887 468 3964 de
507 3886 851 3964 Thomasi
905 3888 1281 3964 Vaivodae
1338 3887 1980 3968 Tranailuanenses
2019 3908 2097 3969 et
2136 3893 2294 3967 Co-

129 3992 333 4070 mites
376 3994 469 4070 de
493 3995 807 4088 Zonuk,
839 3999 1239 4072 memoriae
1276 3994 1876 4073 commendamus
1902 4026 2044 4105 per
2071 4025 2295 4102 prae-

131 4116 404 4195 sentes,
456 4102 663 4207 quod
695 4128 832 4179 nos
871 4106 1409 4208 possessionem
1469 4129 1599 4191 seu
1671 4103 1916 4182 villam
1969 4106 2294 4189 Achinus

133 4197 470 4308 Pollyana
514 4225 849 4287 vocatam
890 4213 964 4286 in
1000 4210 1171 4287 loeo
1215 4208 1564 4315 Vaokapu
1596 4208 1802 4288 dicto
1839 4214 2051 4289 sitam
2081 4269 2103 4309 ,
2155 4238 2296 4317 per
