2875 4842
579 476 793 554 2⁶⁶

574 686 1041 770 Inconsultus
1071 682 1513 761 nostratium
1549 688 1874 786 pugnam
1899 678 2211 756 ineundi
2228 681 2496 764 ardorz
2535 682 2766 778 „Rex

574 795 1005 873 Ludouicus
1044 793 1138 867 Π.
1168 787 1657 865 Brodericum
1680 842 1702 880 ‚
1746 785 1952 862 aulae
1977 812 2150 862 suae
2186 786 2765 887 cancellarium,

575 905 666 980 ad
707 917 942 978 castra
974 895 1426 972 Tomoriana
1465 893 1705 984 misit,
1777 919 2136 989 monens,
2209 915 2290 972 vt
2345 897 2604 971 castris
2676 900 2765 975 in

574 1012 923 1086 tutiorem
954 1004 1207 1079 locum
1228 1001 1613 1092 retractis,
1667 998 1945 1074 tamdiu
2009 999 2516 1079 decretorium
2577 1028 2766 1082 cum

553 1117 830 1192 ‚Turcis
870 1128 1243 1189 certamen
1269 1107 1780 1200 declinarent,
1820 1106 2001 1191 dum
2024 1124 2264 1213 prope
2299 1110 2499 1186 diem
2529 1112 2767 1188 Joan.

562 1244 694 1299 nes
734 1215 1098 1295 Waiuoda
1128 1216 1305 1294 c'um
1340 1216 1999 1290 Transiluannrum
2041 1216 2200 1290 XL.
2255 1215 2762 1320 Christopho-

559 1354 689 1405 rus
725 1327 992 1402 Comen
1020 1322 1124 1400 de
1162 1325 1591 1428 Frangepan
1629 1344 1812 1396 cum
1870 1320 2040 1395 XV.
2100 1322 2602 1401 Dalmatarum
2663 1351 2758 1403 ac

562 1434 995 1511 creatarum
1024 1488 1047 1525 ‚
1100 1428 1463 1523 millibus,
1515 1454 1601 1503 ac
1635 1426 1951 1503 Bohemi
2007 1431 2229 1505 etiam
2285 1430 2555 1506 Albam
2602 1458 2760 1535 ap·

562 1541 756 1646 puisi
799 1540 1145 1641 coniungi
1188 1553 1509 1641 possent.
1562 1532 1681 1611 Illi
1720 1533 1980 1612 furore
2019 1537 2400 1641 pugnandi
2448 1537 2758 1640 abrepti

504 1714 509 1719 .
559 1648 717 1748 regi
752 1648 1232 1723 renunciant:
1289 1668 1368 1717 se
1410 1667 1586 1738 eos,
1616 1643 1757 1742 qui
1806 1664 2099 1746 pugnae
2138 1643 2751 1741 adunarentur,

555 1752 875 1829 hostium
930 1749 1116 1827 ‘loeo
1166 1747 1603 1836 habituros,
1677 1765 1758 1823 et
1803 1748 1943 1822 nisi
1983 1749 2152 1824 Rex
2197 1753 2353 1825 sine
2394 1777 2606 1829 mora
2650 1751 2752 1829 ad

556 1859 893 1965 ipsorum
935 1875 1169 1935 castra
1207 1856 1519 1949 veniret,
1563 1854 1716 1929 vim
1755 1871 2048 1930 etat-ma
2089 1855 2168 1930 in
2199 1856 2504 1934 eosdem
2541 1882 2751 1935 con-

558 1990 934 2049 uersuros.
971 2006 1079 2020 -—
1104 1958 1538 2040 Commisso
1578 1954 1822 2037 taliter
1861 1961 2190 2063 praelio,
2244 1981 2542 2067 praeter
2584 1966 2748 2041 Re·

605 2097 764 2167 em,
820 2070 1055 2148 hausti
1109 2087 1279 2146 sunt
1345 2066 1698 2246 Episcossi
1760 2064 1922 2143 VII.
1979 2068 2312 2147 Berones
2361 2071 2576 2175 regni
2635 2070 2741 2148 V.

549 2100 933 2283 {Nagnates
974 2172 1393 2278 Hungariae
1433 2174 1565 2250 XI.
1732 2164 2110 2251 nobilibus
2173 2201 2261 2250 ac
2315 2177 2747 2282 potioribus

545 2286 754 2391 regni
793 2280 970 2361 XV.
1009 2308 1106 2360 ex
1140 2277 1452 2360 caeteris
1481 2278 1859 2358 nobilibus
1897 2278 2112 2357 facile
2152 2282 2567 2390 quingenti.
2613 2286 2746 2362 A-

544 2372 849 2487 liorum,
882 2408 1101 2496 parte
1131 2370 1459 2466 maximni
1493 2403 1945 2480 exterorum,
1978 2390 2257 2464 XXIII.
2285 2389 2530 2468 millia.
2560 2389 2741 2470 Ste-

543 2496 832 2606 phanus
854 2497 961 2576 de
996 2496 1269 2576 Bethor
1311 2494 1698 2580 Palatinus.
1729 2518 1901 2570 cum
1938 2495 2192 2599 paucis
2226 2494 2739 2602 Magnetibus,

547 2633 639 2683 ac
669 2605 1089 2709 Stephanus
1134 2601 1635 2694 Brodericus,
1704 2600 1917 2701 regni
1972 2604 2507 2698 Cancellarius‚
2560 2605 2740 2709 fuga

545 2711 883 2803 minati.“
936 2709 1148 2786 Idem
1185 2706 1407 2784 Brod.
1453 2705 1549 2780 V.
1570 2704 1660 2781 ad
1693 2708 1972 2782 caicem
2012 2707 2324 2785 Bonfinii
2369 2707 2556 2789 edit.v
2581 2712 2739 2788 Ba-

546 2820 796 2896 sileen.
838 2845 911 2923 p.
952 2821 1129 2889 757.
1187 2853 1289 2869 —
1349 2811 1459 2909 3).
1518 2813 1909 2905 Yictorum
1946 2812 2041 2889 de
2086 2816 2318 2893 salute
2365 2815 2739 2925 despera-

543 2925 696 3003 tio:
753 2925 1065 3016 Quoties
1098 2921 1330 2996 nostri
1366 2919 1910 2996 exercituantes
1947 2921 2206 3024 primo'
2246 2922 2529 3028 impetu
2583 2925 2738 3004 ho-

546 3050 733 3111 stem
777 3057 928 3107 non
978 3043 1423 3120 strauerant,
1478 3026 1730 3118 strati,
1792 3023 2060 3131 fugati,
2117 3033 2362 3105 animo
2415 3031 2736 3132 deiecti,

418 3194 429 3217 ,
546 3142 934 3218 victoriam
1005 3161 1353 3239 reparare
1382 3131 1608 3209 ‘haud
1660 3131 2143 3211 studuerant:
2213 3155 2380 3241 post
2437 3139 2738 3223 cladem

544 3266 745 3324 certe
785 3242 1332 3322 Mobacsianam
1368 3238 1820 3328 Bai-onibus,
1881 3238 2389 3346 Magnatibus‚
2440 3273 2534 3323 ac
2572 3248 2736 3350 Dy-

544 3356 764 3429 naatis
808 3351 1068 3458 regni,
1121 3346 1218 3423 ad
1255 3370 1510 3423 aream
1549 3350 1968 3423 certaminis
2013 3349 2210 3429 haud
2269 3377 2736 3431 concurren-

742 3614 887 3686 unt3
933 3614 1217 3674 nobilitas
1264 3609 1558 3672 crostica
1610 3612 1745 3671 fere
1794 3607 1992 3671 deleta
2011 3654 2028 3686 ,
2094 3615 2235 3691 agri
2284 3628 2469 3691 vero,
2515 3619 2735 3680 abacto

742 3730 1004 3795 pecore,
1049 3731 1172 3775 vna
1204 3729 1340 3775 cum
1391 3714 1530 3791 agri
1561 3712 1897 3773 cultoribus
1935 3728 2127 3792 paene
2159 3713 2411 3776 deserti.
2453 3716 2737 3781 Maxime

743 3816 943 3877 autem
975 3818 1129 3875 haee
1163 3814 1372 3877 clades
1404 3818 1588 3876 trium
1619 3815 2099 3877 clarissimorum
2122 3819 2397 3878 virorum
2434 3808 2609 3882 clade
2628 3822 2735 3882 in-

747 3925 947 4002 signia
979 3923 1127 3982 fuit:
1171 3927 1364 3985 morte
1400 3924 1657 3986 loannis
1689 3922 2108 4004 Frangepani,
2155 3924 2413 4003 Georgii
2430 3924 2734 3991 vlatcho·

743 4026 870 4099 uii3
930 4023 1290 4103 captiuitate
1357 4026 1557 4102 ipsius
1620 4024 1952 4089 Praefecti.
1999 4061 2084 4077 —
2143 4027 2526 4107 Conpertum
2589 4035 2730 4106 θείς

744 4127 1004 4207 praedae
1054 4128 1316 4187 maxime
1363 4125 1710 4188 auiditatem
1739 4127 1969 4189 uostris
2019 4128 2212 4190 exitio
2255 4122 2524 4194 rufaaef‘
2567 4129 2729 4195 Lus.

742 4235 894 4296 Tub.
925 4235 967 4294 l.
1002 4252 1059 4299 c.
1092 4233 1160 4297 L.
1198 4234 1272 4295 V.
1315 4248 1448 4307 cap.
1486 4230 1654 4292 vm.
