2875 4842
616 429 767 501 222

512 629 752 711 orbati
792 652 869 712 et
899 635 1299 711 existerent
1332 629 1657 733 destituti
1691 632 1861 709 ideo
1895 632 2033 737 ipsi
2072 648 2361 707 matura
2398 630 2672 708 delibe-

516 741 815 818 racione
864 740 1246 844 prehabita
1292 741 1669 815 communi
1722 738 1909 814 inito
1957 740 2265 815 consilio
2321 740 2672 840 quasdam

564 849 1002 924 ossessiones
1033 849 1275 949 ipsum
1332 844 1792 922 Balazefeuld
1829 845 1975 941 alio
2026 848 2327 947 nomine
2374 847 2674 922 Balaze-

511 877 716 1030 feuld
753 973 829 1032 et
873 954 1136 1058 Dobry
1174 979 1260 1029 ac
1294 948 1648 1053 Corough
1688 969 1978 1027 vocatas
2012 948 2153 1026 nec
2195 976 2344 1029 non
2388 959 2678 1057 porcio·

513 1087 684 1138 nem
726 1062 1057 1166 ipsorum
1104 1057 1756 1166 possessionariam
1803 1059 1877 1132 in
1922 1055 2376 1162 possessione
2417 1060 2676 1141 Matis-

514 1167 715 1244 feuld
774 1183 1036 1244 vocata
1089 1165 1453 1259 habitam,
1552 1183 1627 1241 et
1671 1164 2145 1240 medietatem
2200 1166 2410 1241 vnius
2458 1167 2675 1243 vinee

509 1278 707 1379 ipsos
746 1274 1310 1377 empticionario
1345 1289 1421 1348 et
1457 1271 1943 1376 pignoraticio
1980 1296 2070 1346 ac
2105 1271 2539 1376 aquisitorio
2580 1277 2678 1350 ti·—

484 1379 676 1455 ·tulis
708 1379 1220 1485 contingentes
1255 1378 1414 1482 ipse
1442 1378 1807 1479 Georgius
1838 1377 1939 1459 ob
1962 1401 2291 1453 amorem
2335 1381 2674 1482 coniuga-

511 1487 598 1561 lis
631 1501 710 1563 et
741 1485 980 1562 filialis
1013 1484 1442 1562 dileccionis
1486 1483 1836 1588 idemque
1874 1483 2161 1586 Symon
2195 1484 2297 1560 ob
2346 1511 2674 1562 amorem

506 1594 834 1669 fraterne
879 1620 965 1669 ac
1005 1590 1427 1696 proximalis
1462 1589 1871 1668 dilectionis
1909 1616 1997 1665 ac
2050 1586 2390 1668 fauorem
2443 1594 2680 1677 nobili

512 1700 832 1777 Domine
868 1697 1237 1776 Elisabeth
1290 1698 1591 1801 coniugi
1640 1722 1729 1773 ac
1773 1696 2050 1800 Agathe
2099 1696 2248 1774 filie
2298 1699 2445 1777 iam
2496 1699 2677 1776 dicti

511 1806 820 1910 Georgii
856 1803 1226 1882 dedissent
1259 1800 1733 1887 tradidissent
1761 1806 2239 1905 assignassent
2271 1824 2344 1882 et
2395 1825 2675 1887 contu-
2711 1875 2720 1881 .

511 1911 760 1989 lissent
793 1939 973 2013 ymo
1009 1908 1377 1988 dederunt
1412 1910 1689 1986 eisdem
1723 1910 2187 1988 tradiderunt
2215 1913 2680 2014 assignarunt

510 2035 588 2094 et
622 2018 1095 2096 contulerunt
1132 2020 1367 2092 nostri
1405 2019 1479 2091 in
1503 2019 1883 2123 presencia
1919 2036 1995 2094 et
2033 2046 2169 2122 per
2195 2043 2313 2095 eas
2353 2024 2682 2122 ipsarum

510 2124 903 2201 heredibus
945 2129 1328 2225 utriusque
1361 2150 1575 2200 sexus
1615 2150 1700 2198 ac
1737 2125 2283 2202 successoribus
2319 2127 2683 2204 vniuersis

512 2246 881 2336 perpetuo
917 2249 995 2306 et
1026 2225 1615 2306 irreuoeabiliter
1658 2229 2037 2334 possidere
2084 2250 2341 2309 tenere
2404 2235 2682 2337 pariter

510 2356 587 2415 et
620 2337 893 2413 habere
920 2337 1201 2413 nullum
1239 2338 1351 2411 ius
1395 2336 1771 2413 n'nllamue
1812 2341 2332 2444 proprietatem
2368 2341 2683 2444 amplius

510 2449 585 2519 in
632 2442 909 2520 eisdem
947 2461 1024 2520 et
1057 2440 1480 2519 earumdem
1519 2442 1952 2520 vtilitatibus
1988 2471 2132 2551 pro
2186 2473 2264 2522 se
2310 2446 2490 2551 ipsis
2547 2473 2684 2547 rp-

510 2548 876 2626 seruando
914 2547 1053 2627 sed
1091 2576 1311 2627 omne
1348 2551 1466 2625 ius
1499 2565 1576 2625 et
1607 2547 2017 2626 dominium
2057 2554 2383 2628 ²·›sorum
2408 2554 2483 2639 in
2511 2581 2685 2657 per·

510 2682 727 2733 sonas
765 2656 1102 2760 predicte
1140 2655 1462 2733 Domine
1495 2655 1868 2732 Elisabeth
1917 2659 2252 2763 con.-„5is
2286 2660 2685 2763 et'Agathe

512 2760 659 2837 filie
695 2761 925 2866 ipsius
963 2763 1270 2865 Georgii
1315 2761 1822 2839 transferendo
1852 2764 2141 2868 penitus
2180 2783 2258 2841 et
2295 2768 2374 2841 in
2408 2783 2572 2843 toto
2601 2769 2684 2843 in

512 2869 723 2943 cuius
763 2871 875 2942 rei
908 2868 1343 2945 memoriam
1378 2865 1947 2971 firmitatemque
2002 2889 2443 2977 perpetuam
2491 2901 2683 2977 pre-

510 2993 755 3050 sentes
807 2974 1084 3050 eisdem
1108 2992 1111 2997 ·
1135 2971 1227 3050 ad
1287 2974 1735 3076 peticionem
1787 2980 2122 3078 ipsorum
2175 2984 2686 3058 concessimus

515 3072 759 3158 literas
799 3099 1081 3158 nostras
1115 3080 1603 3185 priuilegiales
1639 3080 2029 3188 pendentis
2068 3103 2144 3163 et
2177 3090 2526 3166 autentici
2572 3092 2682 3165 si·-

511 3186 668 3291 gilli
709 3188 940 3264 nostri
984 3189 1389 3263 munimine
1418 3188 1824 3267 roboratas.
1884 3193 2151 3266 Datum
2185 3189 2304 3266 die
2350 3194 2685 3283 Domini·

510 3322 593 3371 ca
632 3298 973 3399 proxima
1002 3313 1172 3372 ante
1206 3294 1478 3371 festum
1511 3297 1652 3371 BB.
1698 3295 1959 3374 Cosme
2002 3316 2079 3374 et
2116 3299 2445 3376 Damiani
2483 3305 2686 3378 Mar-

513 3420 763 3501 tyrum
801 3404 1026 3477 Anno
1068 3402 1372 3475 Domini
1406 3402 1797 3479 Millesimo
1849 3409 2362 3484 trecentesimo
2411 3426 2687 3485 octua-

510 3508 793 3611 gesimo
822 3510 1163 3612 septimo.
1220 3509 1331 3597 (L.
1389 3505 1472 3584 S.
1529 3509 1976 3612 pendentis).

595 3622 646 3690 E
677 3632 1022 3692 membrana
1059 3631 1344 3709 originali
1385 3629 1539 3690 Coll.
1584 3632 1721 3697 Nic.
1767 3632 2129 3699 Jankovich.

1360 3814 1361 3817 ,
1440 3752 1740 3828 LXXII.

510 3831 826 3925 Corinentus
879 3870 944 3923 de
990 3870 1183 3925 zelen
1229 3872 1641 3943 possessionem
1685 3893 1845 3961 suam
1891 3878 2042 3930 Miles
2085 3879 2401 3934 Ὀοηιίωεαε
2451 3880 2644 3937 Bilta»
2658 3920 2678 3951 ‚

699 3962 1242 4108 Ξςῗὲξξρίωἱυω
1271 3967 1353 4017 Μ.
1393 3965 1672 4020 Vae-adin.
1709 3967 1899 4033 Vajda
1924 3969 2070 4021 Gom.
2089 3967 2366 4039 zaemplin.
2396 3971 2668 4025 cambiae.

640 4180 645 4185 ·
698 4143 1065 4221 Omnibus
1106 4145 1372 4223 Christi
1396 4144 1751 4258 fidelibus
1780 4177 2131 4252 praesens
2164 4156 2526 4261 scriptum
2562 4158 2674 4235 iu·
