2875 4842
7 4761 10 4802 l

629 450 787 524 252·

520 657 797 739 flentis
832 653 1249 733 Pannoniae
1283 650 1614 730 Salutem
1651 670 1728 730 et
1765 656 2125 730 Gratiam.
2224 652 2520 727 Dicitur
2561 679 2725 725 no—

519 763 631 841 bie
679 763 768 838 in*
812 778 1125 867 persona
1180 759 1536 862 Religioni
1592 758 1758 835 Viri
1801 761 2103 836 Domini
2169 759 2440 833 Fratris
2509 759 2723 834 Petri

521 870 834 949 abbatis
868 868 1238 945 Ecclesiae
1297 867 1690 945 beatorum
1738 869 1937 943 Petri
1993 884 2070 941 et
2127 866 2321 939 Pauli
2368 868 2720 969 Aposto-

521 980 765 1055 lorum
818 977 912 1053 de
957 978 1172 1067 Tata3
1228 975 1437 1075 quod
1497 975 1656 1075 ipse
1713 977 1787 1048 in
1838 975 2263 1049 Dominium
2323 996 2719 1075 ⁴quarum-

521 1085 690 1160 dam
727 1086 1157 1188 portionum
1205 1083 1930 1183 possessionen-iarum
1985 1106 2328 1165 suarum,
2389 1098 2464 1153 et
2527 1079 2723 1154 dicti

517 1193 631 1269 sui
659 1192 1086 1289 Monastery
1122 1184 1482 1263 Also-falu
1517 1206 1592 1263 et
1626 1188 1681 1260 F
1683 1187 1860 1263 els6·
1878 1189 2024 1262 falu
2069 1206 2521 1281 vocatarum,
2568 1211 2721 1261 nec

518 1324 668 1373 non
705 1298 879 1379 iuris
917 1296 1243 1369 montani
1282 1312 1358 1369 et
1405 1297 1807 1395 Terrarum
1841 1288 2219 1369 arabilium
2268 1295 2358 1367 ad
2401 1292 2716 1366 easdem

516 1406 1042 1506 spectantium,
1098 1427 1184 1475 ac
1205 1401 1809 1477 Molendinorum
1844 1428 2070 1506 super
2103 1399 2332 1475 fluvio
2369 1399 2714 1474 eiusdem

517 1511 846 1587 Civitatis
890 1511 1068 1583 Tata
1103 1509 1199 1582 in.
1236 1532 1367 1583 sex
1407 1507 1584 1583 locis
1623 1507 2036 1584 habitorum
2085 1510 2306 1582 unius
2353 1507 2716 1581 videlicet

517 1620 721 1695 iuxta
773 1616 1122 1693 arbor-em
1177 1616 1390 1715 pyri,
1482 1641 1702 1715 supra
1757 1615 2269 1691 Molendinum
2332 1614 2713 1688 Dominae

515 1723 948 1800 Abbatissae
984 1721 1348 1799 Ecclesiae
1386 1722 1659 1798 Beatae
1722 1722 2041 1826 Virginis
2084 1721 2178 1797 de
2228 1718 2468 1796 insula
2513 1720 2706 1795 Stri-

516 1830 893 1932 goniensi',
947 1828 1256 1911 secundi
1300 1853 1540 1932 prope
1599 1830 1848 1904 locum
1889 1832 2173 1931 antiqui
2229 1826 2706 1921 Molendini‚

517 1940 647 2041 qui
698 1932 969 2012 Mache
1012 1933 1235 2034 Hyde
1280 1935 1590 2027 dicitur,
1643 1938 1878 2035 Ten-ty
1928 1936 2167 2012 ochon
2230 1937 2516 2017 vocati,
2575 1956 2711 2009 cu-

515 2048 631 2120 ius
675 2070 912 2146 aquae
950 2061 1228 2117 meatus
1266 2042 1645 2118 interdum
1680 2041 2069 2136 deficeret,
2125 2042 2390 2131 Quarti
2430 2041 2706 2116 inferi-

517 2177 603 2226 us
632 2176 854 2255 supra
892 2150 1202 2227 eandem
1243 2176 1514 2251 aquam
1541 2150 1888 2227 similiter·
1911 2150 2155 2227 ochon
2219 2148 2495 2224 dictam
2532 2150 2706 2223 iux-

516 2275 589 2336 ta
627 2285 963 2361 magnam
993 2258 1348 2332 'arborem
1408 2258 1485 2332 et
1539 2260 1919 2356 antiquam
1964 2260 2032 2331 N
2033 2248 2244 2360 yarfa'
2295 2281 2700 2358 nuncupa-

516 2383 705 2459 tam,
761 2366 1018 2456 Quinti
1064 2367 1137 2438 in
1184 2364 1353 2438 loco
1407 2362 1758 2439 Voro'sk6
1819 2384 2083 2438 vocato
2118 2362 2209 2439 ad
2264 2382 2490 2467 caput
2533 2363 2705 2437 fon-

514 2471 605 2547 tis
675 2473 921 2560 calidi,
956 2495 1195 2575 prope
1255 2470 1523 2546 dietam
1580 2471 1966 2547 Civitatem
2017 2473 2242 2559 Tata,
2338 2489 2414 2547 et
2482 2468 2706 2544 Sexti

512 2577 777 2653 Hench
820 2580 1085 2652 malma
1119 2578 1477 2650 nominati
1514 2592 1741 2681 super
1781 2578 2010 2652 fluuio
2049 2581 2294 2680 Fyzeg
2328 2577 2705 2651 currentis

510 2708 598 2757 ac
664 2685 1123 2784 quarundam
1187 2687 1586 2758 Terrarum
1656 2684 2036 2759 arabilium
2107 2681 2705 2760 Szent-Miklos

511 2786 716 2864 fo‘lde
780 2808 853 2864 et
910 2788 1136 2865 Szent
1182 2791 1488 2890 Margita
1553 2794 1879 2891 Asszony
1914 2790 2118 2865 folde
2164 2792 2701 2893 appellaturum

510 2893 727 2970 simul
770 2913 845 2969 et
887 2914 1263 2999 pratorum
1298 2923 1488 2999 quae
1529 2897 1746 2998 vulgo
1783 2915 2061 2972 mester
2096 2895 2694 3002 Rethe-Szigeth‚

509 2979 1122 3083 &theclae-Reme
1157 3002 1624 3097 dicerentur,
1684 3007 1875 3079 inu-a
1925 3004 2319 3079 Terminos
2357 3024 2428 3078 et
2477 3004 2698 3080 Limi-

511 3126 618 3182 tes
662 3111 885 3212 ipsuis
943 3110 1264 3185 Civitatis
1302 3111 1788 3185 existentium·
1816 3110 2007 3214 apud
2061 3138 2315 3186 manus
2361 3138 2526 3186 suas
2571 3110 2694 3184 ha-

506 3213 834 3293 bitorum
893 3218 1212 3318 legitime
1257 3217 1479 3292 vellet
1526 3218 1877 3311 introire,
1933 3221 1990 3290 si
2036 3218 2529 3305 contradictio
2567 3245 2694 3291 cu·

505 3322 815 3424 iuspiam
864 3325 1003 3399 sibi
1032 3324 1202 3398 'non
1263 3324 1600 3399 obviaret
1643 3328 1713 3396 in
1752 3325 1886 3398 hac
1925 3343 2129 3425 parte
2166 3350 2393 3429 super
2429 3350 2580 3428 quo
2616 3321 2692 3396 fl-

506 3427 789 3505 duclitati
870 3432 1174 3507 Vestrae
1256 3430 1570 3506 firmiter
1639 3430 2121 3532 precipiendo
2197 3431 2630 3506 mandamus
2668 3483 2690 3521 ,

505 3551 868 3636 quatenus
919 3554 1242 3612 vestrum
1297 3539 1594 3612 mittatis
1631 3537 1997 3612 hominem
2047 3562 2183 3640 pro
2228 3539 2688 3613 Testimonio

505 3640 956 3743 fidedignum
984 3703 1005 3737 ,
1070 3672 1221 3745 quo
1277 3663 1621 3749 presente
1644 3645 1966 3719 Joannes
2003 3646 2223 3719 Filius
2263 3644 2555 3748 Nicolaj
2601 3641 2714 3717 de·

503 3747 738 3847 Galya
769 3749 891 3823 vel
930 3752 1270 3828 Matheus
1313 3751 1405 3826 de
1455 3750 1814 3852 Kovachy
1850 3770 1974 3828 aut
2015 3744 2534 3827 &cobus-sive
2570 3751 2688 3826 Ni·

502 3853 756 3930 colaus
808 3855 901 3928 de
959 3858 1192 3961 Halap
1250 3859 1404 3959 alys
1447 3859 1913 3940 absentibus,
1987 3858 2242 3932 Homo
2303 3876 2556 3935 noster
2599 3853 2682 3929 ad

501 3960 727 4038 facies
767 3961 1129 4038 dictarum
1171 3966 1601 4067 portionum
1642 3968 2375 4069 possessionariarum
2414 3984 2490 4040 et
2529 3992 2680 4040 mo-

499 4066 1023 4160 lendinorum,
1098 4096 1183 4144 ac
1242 4089 1598 4147 terrarum
1670 4073 2104 4161 arabilium,
2174 4091 2246 4146 et
2305 4093 2677 4176 pratorum

504 4178 1242 4280 praenominatorum
1285 4178 1548 4255 vicinis
1592 4197 1669 4255 et
1712 4180 2236 4287 commetaneis
2272 4178 2677 4260 eorundem
