2875 4842
2055 458 2205 535 245

155 665 338 768 quali
380 668 457 753 in
494 667 651 741 vita
699 682 776 740 et
813 668 889 739 in
932 678 1220 752 morte,
1279 663 1660 765 q‘uomodo
1711 660 1826 740 'vel
1873 671 2183 770 quando
2223 677 2315 750 si.

151 772 219 848 bi
246 773 638 879 placuerit,
688 773 899 855 dare,
943 770 1264 863 donare,
1313 769 1557 873 legare
1588 790 1661 846 et
1703 774 2022 851 eundem
2054 779 2333 877 Nobis„

153 885 261 956 cui
300 883 655 984 legauerit
696 907 825 954 seu
873 877 1164 953 dederit
1206 903 1519 980 regnum
1577 876 1981 981 praefatum
2006 940 2027 977 ,
2081 896 2312 964 co'ro-

112 1050 119 1061 .
154 989 331 1073 nari,
373 992 657 1078 facere,
696 1005 769 1061 et
810 983 1342 1060 subiectionem
1382 1000 1457 1058 e't
1494 984 1914 1081 fidelitatem
1958 1016 2309 1090 quorum-

151 1096 248 1171 uis
282 1096 777 1171 subiectorum
813 1094 1024 1197 regni
1058 1088 1459 1164 Bohcmiae
1504 1093 1646 1166 sibi
1687 1092 1846 1171 fieri
1890 1084 2308 1201 disponere,

152 1218 218 1275 et
247 1201 582 1276 ordinare
617 1200 857 1276 valeat
891 1225 974 1273 ae
1012 1199 1254 1300 possit.
1314 1198 1541 1273 Prout
1581 1197 1997 1304 hoc'ipsum
2023 1209 2099 1278 in
2136 1207 2298 1283 aliis

152 1324 419 1384 nostrae
468 1306 862 1382 Maiestatis
900 1306 1171 1380 'Literis
1227 1302 1426 1378 dicto
1473 1307 1797 1381 Domino
1847 1312 2303 1392 wenceslao

145 1411 363 1490 Fratri
394 1434 648 1491 nostro
693 1415 876 1488 datis
918 1413 1242 1514 desuper
1278 1414 1800 1489 sufficientibus
1850 1419 2296 1513 continetur.

140 1519 416 1598 Idcirco
472 1524 551 1595 in
592 1548 882 1627 casum,
945 1544 1098 1621 quo
1135 1522 1292 1619 ipse
1341 1516 1397 1589 F
1403 1536 1911 1597 rater'noster'
1937 1527 2295 1604 Dominus

139 1626 608 1720 Venceslau8‚
665 1631 1176 1702 Romanorum
1238 1626 1401 1698 Rex
1454 1626 1527 1698 in
1577 1630 1717 1701 vita
1768 1629 1884 1703 vel
1929 1635 2002 1704 in
2056 1652 2297 1710 morte

139 1735 449 1836 praefato
497 1735 734 1810 Fratri
774 1736 1048 1810 Nostro
1072 1732 1600 1808 Domino-Duci
1642 1734 1909 1811 Joanni
1957 1738 2293 1839 Regnum

135 1839 513 1917 Bohemiae
569 1838 1576 1948 praedictumssoncederet,
1637 1844 1749 1915 vei
1808 1843 2160 1939 donaret,
2217 1866 2293 1923 et

134 1973 266 2021 non
288 1950 547 2043 Nobis,
580 1967 853 2023 extunc
895 1973 1027 2022 vos
1063 1945 1137 2017 in
1174 1970 1474 2045 genere,
1510 1946 1627 2019 vei
1667 1967 1991 2025 vestrum
2035 1979 2292 2055 quem-

128 2050 292 2130 libet
328 2058 401 2129 in
441 2060 728 2160 specie,
786 2055 1034 2129 animo
1070 2052 1523 2143 deliberato,
1558 2070 1633 2126 et
1673 2057 1764 2130 de
1805 2076 2005 2132 certa
2054 2058 2290 2134 scienss

130 2163 240 2254 tia,
296 2189 378 2237 ac
413 2165 681 2238 Nostra
733 2162 964 2235 libera
1016 2159 1442 2247 voluntate,
1500 2159 1594 2234 de
1629 2163 1969 2238 omnibus
2014 2184 2088 2245 et
2130 2169 2287 2240 sin-

166 2269 289 2343 ulis
339 2269 990 2374 promissionibus,
1047 2266 1481 2342 xlm-amento
1537 2270 1752 2343 nobis
1816 2269 2071 2363 factis,
2130 2278 2285 2375 qui?

126 2295 242 2451 ξας
283 2376 434 2450 Nos
497 2405 590 2451 ex
645 2375 788 2450 side
841 2372 1029 2451 sacta
1062 2429 1082 2466 ,
1142 2371 1264 2447 vel
1328 2372 1498 2447 alias
1563 2376 2142 2471 quomodolibet,
2190 2388 2281 2454 ex'

121 2484 581 2559 successionis
620 2481 924 2579 ordine,
967 2485 1121 2555 siue
1155 2484 1332 2563 Jure
1380 2483 1653 2555 astricti
1692 2487 2062 2574 tenemini,
2105 2500 2284 2587 quo-

121 2590 485 2686 quomodo
525 2590 1006 2678 absoluimus,
1046 2587 1318 2662 libe-ros
1359 2584 1667 2663 dicimus
1702 2607 1775 2662 et
1809 2588 2279 2691 dimittimus,

120 2722 189 2768 ac
245 2715 510 2773 tenore
565 2696 1071 2799 praesentium
1119 2695 1563 2769 liberiamus.
1660 2692 2097 2772 Mandantes
2146 2727 2276 2774 vo·

117 2799 246 2896 bis,
302 2806 609 2878 virtute¹
645 2805 1137 2907 praesentium
1194 2805 1423 2892 serio,
1481 2809 2041 2904 quatenus,'si,
2087 2807 2279 2881 sicut

112 2914 630 3011 praemittitur,
690 2912 923 2986 dictus
960 2911 1325 3009 ,Dominus
1368 2909 1850 2984 Wenceslaiis
1888 2912 2085 2987 dicto
2127 2916 2274 2987 Do·

114 3018 291 3095 mino
338 3019 536 3091 Duci
584 3045 890 3121 regnum
948 3015 1340 3092 Bohem1ae
1398 3018 1899 3105 concederet,
1960 3018 2272 3099 donaret

114 3124 210 3197 vel
258 3120 468 3227 quod
512 3148 603 3197 ex
658 3143 833 3198 tunc
883 3124 971 3196 ad
1016 3120 1333 3196 eundem
1378 3124 1777 3196 Dominum
1829 3126 2107 3198 Ducem
2146 3123 2271 3195 Jo-

110 3253 392 3323 annem,
451 3230 540 3304 ad
584 3256 807 3334 quem
850 3256 975 3303 vos
1015 3256 1105 3303 ex
1146 3255 1339 3303 nunc
1367 3284 1387 3320 ‚
1430 3249 1653 3331 prout
1693 3256 1782 3304 ex
1815 3238 2003 3304 ‘tunc
2044 3249 2270 3304 trans-

110 3333 421 3411 ducimus
449 3389 473 3429 ,
530 3356 875 3439 tanquam
916 3354 1172 3410 verum
1216 3350 1288 3408 et
1334 3335 1738 3409 naturalem
1785 3354 1856 3411 et
1900 3335 2268 3409 ordinari—

107 3467 210 3515 um
255 3444 665 3518 Dominum
710 3445 1052 3518 Vestrum
1082 3499 1100 3535 ,
1162 3463 1236 3516 et
1276 3439 1845 3517 haeredessuos
1881 3443 2270 3541 legitimOS‚

110 3564 167 3621 et
208 3550 295 3624 ad
341 3549 630 3624 nulium
687 3552 910 3626 alium
950 3562 1366 3653 respectum
1410 3544 1679 3635 habere
1706 3607 1724 3640 ‚
1783 3565 1856 3623 et
1896 3550 2133 3626 eidem
2173 3550 2270 3624 fi-

112 3650 498 3750 delitatem,
557 3656 985 3732 Juramenta
1028 3676 1101 3730 et
1137 3657 1673 3731 subiectionem
1721 3655 1965 3731 facere
2010 3676 2083 3732 et
2131 3686 2268 3760 pa-

111 3785 252 3835 rcre
312 3783 386 3839 et
448 3762 757 3853 obedire
815 3763 1052 3839 modis
1116 3761 1463 3839 omnibus
1521 3764 1866 3841 debeatis,
1953 3765 2038 3837 In
2101 3791 2266 3840 casu

115 3889 307 3961 vero,
365 3898 519 3974 quo
571 3898 705 3946 vos
756 3897 1012 3948 omnes
1069 3870 1182 3944 vel
1234 3869 1463 3970 aliqui
1519 3897 1609 3944 ex
1663 3872 1874 3943 vobis
1931 3897 2270 3973 praesen·

118 3972 201 4045 tia
233 3981 564 4053 mandata
622 3998 863 4057 nostra
901 3977 1206 4051 literaiia
1253 4003 1404 4049 non
1453 3983 1803 4063 curaretis
1849 3979 2266 4069 aduertere,

122 4102 238 4153 nec
293 4082 562 4158 eisdem
630 4087 930 4162 forsitan
986 4081 1335 4174 obedire,
1392 4098 1485 4157 ex
1545 4102 1720 4159 tunc
1753 4085 2264 4189 ‘promittimus

122 4178 288 4263 bona
327 4186 468 4267 fide
490 4190 788 4287 Nostra,
830 4188 1032 4298 quod
1071 4216 1204 4266 vos
1243 4216 1501 4266 omnes
1540 4209 1614 4268 et
1653 4210 1969 4268 vestrum
2013 4215 2267 4295 quem-
