2875 4842
706 433 860 507 380

597 666 688 717 ac
722 637 1126 716 marchioni
1169 635 1434 714 Brund.
1495 656 1636 718 etc.
1699 634 2119 743 Capitulum
2158 635 2497 713 Ecclesie
2542 635 2777 710 sauri-

599 749 792 823 ensis
820 747 1191 822 orationes
1229 748 1302 819 in
1327 737 1483 822 filio
1525 748 1823 851 virginis
1859 745 2215 848 gloriose,
2245 744 2499 820 literas
2542 760 2777 817 vestre

602 851 1032 929 Sei-enitatis
1056 879 1394 956 sumpmo
1421 881 1586 929 cum
1606 853 1894 928 honore
1930 853 2285 930 noueritns
2309 878 2439 926 nos
2466 851 2779 952 recepis-

600 984 678 1035 se
715 962 791 1034 in
833 960 969 1035 hec
1012 962 1263 1036 verba.
1322 958 1836 1063 Sigismundus
1872 960 2012 1034 Dei
2060 954 2291 1059 gratia
2345 960 2518 1030 Rex
2584 955 2775 1029 Hun-

601 1070 800 1168 garie
844 1067 1197 1142 Dalmatio
1251 1066 1538 1142 Oroatie
1580 1085 1721 1142 etc.
1769 1064 2249 1169 mai-chioque
2301 1062 2584 1139 Brund.
2646 1081 2774 1138 etc.

600 1169 941 1251 fidelibus
973 1177 1119 1249 suis
1173 1174 1516 1276 Capitulo
1576 1172 1943 1250 Jauriensi
1997 1173 2304 1252 salutem
2356 1188 2428 1245 et
2477 1170 2779 1270 gratiam

603 1280 878 1360 dicitur
920 1280 1135 1355 nobis
1174 1278 1252 1354 in
1309 1282 1644 1381 personis
1696 1276 1961 1354 nobilis
2008 1278 2367 1355 Dominae
2410 1271 2777 1352 Elisabeth

601 1403 861 1466 vocate
892 1385 1150 1464 relicte
1192 1386 1542 1487 Gregorii
1579 1386 1674 1464 de
1725 1384 1986 1487 Kapy,
2040 1409 2243 1459 nune
2281 1385 2654 1459 consortis
2688 1381 2776 1454 E-

600 1493 866 1569 merici
905 1492 1036 1568 filii
1077 1490 1454 1574 Valentini
1494 1491 1594 1568 de
1628 1488 1958 1567 Barbaeh
1993 1517 2079 1566 ac
2113 1489 2462 1565 Johannis
2519 1505 2604 1565 et
2646 1489 2774 1562 Be·

601 1598 883 1675 nedicti
926 1600 1242 1675 filiorum
1289 1598 1616 1676 eiusdem
1657 1596 1924 1673 nobilis
1966 1599 2317 1687 Domine,
2393 1594 2607 1700 quod
2672 1595 2771 1666 vir

602 1706 1019 1810 Reiigiosus
1056 1704 1416 1781 Dominus
1477 1704 1710 1780 frater
1749 1701 2120 1780 Johannes
2176 1707 2592 1807 prepositus
2641 1700 2769 1774 Ec·

603 1810 827 1889 clesie
869 1811 1118 1887 Sancti
1147 1810 1504 1887 Johannis
1551 1809 1896 1915 Apostoli
1948 1808 2040 1885 de
2087 1808 2448 1885 Mox-icida
2494 1828 2571 1888 et
2612 1807 2769 1882 Ma·-

601 1920 824 2020 gister
852 1918 1220 1994 Johannes
1250 1918 1566 1993 condam
1601 1918 1928 1995 Simonis
1959 1916 2129 1990 Bani
2163 1914 2348 1993 filius
2370 1915 2555 1993 feria
2572 1917 2767 2017 quin·

603 2042 676 2101 tn
712 2025 1045 2128 proximu
1087 2040 1261 2131 post
1299 2024 1566 2100 festum
1624 2023 1837 2099 beate
1884 2022 2267 2098 catharine
2318 2024 2643 2126 Virginis
2698 2034 2763 2092 et

605 2131 925 2242 Martinis
961 2158 1154 2206 nune
1196 2133 1536 2236 proxime
1580 2129 2016 2237 preteritum
2074 2156 2217 2203 una
2276 2156 2446 2205 cum
2495 2125 2756 2205 Jobba·

600 2239 940 2340 gionibus
978 2256 1053 2314 et
1092 2234 1570 2314 familiaribus
1616 2240 1945 2342 ipsorum
1984 2231 2317 2312 manibus
2352 2239 2643 2312 armetis
2676 2229 2756 2306 nd

604 2344 877 2422 dictam
919 2348 1253 2449 ipsorum
1299 2347 1838 2450 possessionem
1857 2343 2077 2447 Kapy
2106 2361 2438 2420 vocatam
2481 2344 2752 2417 venien·

603 2449 702 2527 do
759 2453 1070 2528 eandem
1109 2478 1249 2556 pro
1297 2478 1374 2527 se
1418 2467 1905 2555 occupassent
1942 2467 2017 2525 et
2061 2445 2399 2526 detinent
2454 2475 2745 2553 occupa·

601 2574 755 2635 tam
798 2562 998 2663 ipsos
1044 2558 1139 2634 de
1194 2556 1451 2635 eadem
1501 2559 1788 2663 penitus
1846 2549 2315 2634 excludendo
2357 2574 2430 2632 et
2473 2558 2749 2660 insuper

363 2667 382 2686 '
509 2765 514 2772 .
600 2665 963 2739 universis
992 2664 1216 2740 rebus
1260 2684 1335 2743 et
1368 2666 1581 2740 bonis
1619 2689 1757 2739 nec
1787 2691 1934 2739 non
1971 2663 2426 2767 quibuslibet
2465 2662 2750 2738 literali-

601 2766 740 2846 bus
781 2796 1039 2845 eorum
1082 2773 1579 2848 iusti-amentis
1611 2797 1838 2876 super
1872 2772 2453 2875 possessionariis
2474 2767 2750 2846 ‚Iuribus

597 2875 935 2982 ipsorum
968 2873 1327 2968 confectis
1351 2882 1806 2986 possessione
1834 2879 1908 2952 in
1935 2876 2307 2980 praedicte
2347 2877 2748 2982 spoliassent

598 2984 932 3088 potentia
967 3027 1079 3044 —
1111 2985 1522 3079 mediante,
1574 2985 1653 3059 in
1699 2984 2185 3088 preiudicium
2231 3010 2500 3060 eorum
2556 2980 2748 3057 valde

597 3115 986 3194 magnum:
1043 3115 1272 3189 super
1303 3118 1461 3194 quo
1509 3090 1837 3168 fidelitati
1876 3109 2116 3168 vestre
2156 3088 2467 3166 firmiter
2518 3090 2745 3193 preci-

501 3271 512 3284 ,
597 3195 878 3300 pientio
912 3196 1336 3277 mandamus
1388 3218 1753 3304 quatenus
1798 3214 2129 3280 vestrum
2177 3199 2476 3274 mittetis
2512 3196 2746 3273 ‘homi-

431 3347 442 3360 ·
597 3329 770 3381 nem
818 3328 956 3408 pro
989 3306 1445 3384 Testimonio
1481 3304 1625 3381 fide
1666 3305 1969 3408 dignum
2022 3329 2184 3405 quo
2234 3325 2575 3412 presente
2631 3305 2742 3378 Pe·

599 3427 758 3486 trus
789 3409 982 3485 filius
1023 3411 1288 3490 Jacob'i
1323 3413 1419 3489 de
1457 3411 1697 3489 Peech
1733 3411 1849 3488 vel
1889 3410 2261 3492 Johannes
2312 3409 2507 3490 filius
2558 3405 2742 3488 Ladi-

595 3517 726 3592 slai
761 3516 858 3593 de
897 3516 1167 3609 own,
1223 3538 1352 3597 aut
1391 3518 1653 3598 Simon
1694 3516 1788 3594 de
1833 3519 2026 3621 Haly
2059 3518 2171 3596 sin
2206 3517 2527 3595 Michae'l
2582 3515 2741 3594 filius

595 3622 890 3700 Nicolai
927 3621 1021 3700 de
1057 3624 1414 3706 Mecheer
1430 3631 1585 3706 sive
1622 3623 1993 3702 Johannes
2025 3624 2219 3702 filius
2263 3627 2503 3706 kae
2533 3625 2620 3701 de
2647 3649 2742 3699 en·

591 3729 772 3806 dem
810 3758 901 3805 an
941 3730 1223 3812 Blasio·
1255 3735 1458 3813 Pauli
1491 3734 1585 3809 de
1631 3733 1835 3835 Veng
1874 3730 2031 3810 aliis
2080 3733 2505 3811 absentibus
2546 3730 2742 3806 bomo

463 3890 470 3898 .
593 3853 846 3913 noster
877 3837 974 3913 ab
1004 3840 1351 3921 omnibus
1388 3841 1661 3949 quibus
1710 3840 2074 3916 incumbit
2126 3866 2408 3918 meram
2462 3840 2558 3916 de
2597 3863 2738 3941 pre·

592 3943 829 4020 missis
868 3951 1288 4051 experiatur
1324 3952 1711 4026 veritatem
1751 3974 1973 4050 qnam
2009 3945 2307 4024 tandem
2342 3947 2555 4024 nobis
2590 3944 2736 4021 fide-

593 4049 763 4126 liter
798 4052 1240 4131 rescribatis.
1301 4058 1572 4148 Datum
1602 4053 1953 4156 strigonii
2008 4054 2084 4127 in
2142 4053 2333 4130 festo
2378 4050 2732 4132 nativitatis

593 4155 855 4238 Sa‘ncti
927 4156 1290 4242 ‚Iohannis
1348 4164 1667 4272 Baptiste
1731 4163 1953 4240 Anno
2003 4160 2314 4247 Domini
2368 4159 2737 4242 Mfflaeimo
2788 4263 2797 4286 ι
