2875 4842
697 504 881 616 150„

582 714 968 816 litigiosam
1008 735 1242 816 vsque
1285 733 1486 784 nunc
1513 709 1722 786 ,inter
1755 712 2003 814 ipsum
2033 725 2108 789 et
2149 708 2566 816 predictum
2611 737 2773 786 ma-

500 817 503 826 ’
581 825 887 926 gistrum
952 819 1346 895 Nicolaum
1401 814 1819 920 proborum
1871 817 2208 893 virorum
2257 835 2336 895 et
2395 817 2766 894 nobilium

581 924 1256 1031 composicionibus
1299 941 1375 998 et
1406 921 2014 999 ordinacionibus
2040 925 2764 1014 interuenientibus,

579 1054 661 1109 vt
701 1035 845 1137 ipsi
886 1055 961 1109 et
1008 1060 1268 1108 eorum
1298 1033 1770 1132 posteritates
1800 1031 1879 1104 in
1938 1031 2142 1133 pacis
2202 1027 2762 1136 pulchritudine

579 1145 882 1245 quirent
918 1163 1355 1244 permanere
1380 1192 1401 1229 ,
1457 1137 1669 1212 metis
1708 1137 1900 1214 infra
1945 1136 2280 1213 dicendis
2340 1136 2765 1213 distinctam

577 1279 618 1323 a
645 1266 853 1353 parte
874 1244 1349 1350 'possessionis
1375 1241 1702 1319 eiusdem
1737 1244 2068 1346 Magistri
2109 1242 2394 1320 Nicolai
2437 1247 2768 1320 existen·

581 1377 770 1446 tem,
829 1378 1001 1426 cum
1053 1349 1398 1427 omnibus
1454 1348 1608 1425 suis
1660 1347 2099 1427 vtilitatibus
2155 1366 2234 1427 et
2292 1350 2766 1455 pertinentiis

579 1480 724 1537 tam
780 1488 921 1564 pro
958 1460 1159 1534 bono
1180 1457 1379 1560 pacis
1418 1481 1643 1556 quam
1690 1457 1911 1532 etiam
1947 1481 2089 1561 pro
2117 1457 2376 1561 viginti
2418 1456 2767 1561 quinque

580 1566 880 1643 florenis
919 1567 1138 1670 plene
1185 1564 1279 1636 ab
1338 1561 1608 1637 eodem
1661 1561 2017 1668 Magistro
2076 1562 2389 1640 Nicolao
2437 1565 2768 1668 reeeptis

586 1695 659 1749 et
686 1673 993 1765 habitis,
1045 1671 1409 1777 perpetuo
1447 1685 1524 1743 et
1556 1666 2154 1746 irremeabiliter
2200 1667 2445 1744 eidem
2512 1667 2765 1772 Magi-

586 1796 745 1857 stro
785 1777 1092 1854 Nicolao
1125 1776 1497 1852 annuisset
1531 1792 1606 1849 et
1630 1774 2115 1869 vendidisset,
2152 1801 2331 1877 ymo
2363 1776 2562 1851 idem
2601 1773 2762 1851 Ste-

587 1882 916 1998 phanus,
948 1891 1051 1959 'vt
1082 1881 1269 1957 dixit
1310 1877 1405 1956 de
1457 1907 1819 1956 consensu
1862 1884 2194 1956 omnium
2239 1885 2761 1985 proximorum

589 2017 895 2070 suorum
945 1987 1360 2094 specialiter
1416 1986 1744 2064 Thomae
1800 1988 1930 2062 filii
1997 1988 2317 2063 Ladislai
2389 1988 2464 2062 in
2522 1986 2761 2066 nostri
2857 2059 2858 2066 ,

595 2099 1008 2202 praesentia
1049 2092 1540 2200 personaliter
1573 2094 1824 2169 stantis
1876 2114 1952 2171 et
2001 2098 2565 2189 consentientis,
2628 2122 2767 2169 an-

591 2208 754 2284 nuit
804 2220 882 2281 et
916 2201 1270 2296 vendidit,
1324 2227 1577 2275 coram
1630 2198 1891 2296 nobis,
1927 2202 2312 2277 tenendam
2354 2201 2765 2277 habendam

597 2331 675 2391 et
710 2308 1267 2416 possidendam3
1324 2325 1519 2382 mete
1555 2325 1796 2382 autem
1828 2360 1850 2400 ,
1907 2308 2175 2412 quibus
2212 2307 2546 2413 predicta
2595 2331 2766 2414 pos·

594 2419 1026 2498 sessionaria
1063 2418 1316 2521 portio
1377 2414 1471 2489 ab
1532 2414 1692 2488 alia.
1727 2431 1930 2519 parte
1964 2415 2479 2519 distinguitur,
2539 2430 2764 2519 prout

596 2529 832 2601 eciam
865 2525 1366 2616 laurencius,
1419 2521 1609 2596 filius
1659 2518 2016 2597 Pethene.
2093 2517 2320 2598 bomo
2382 2524 2639 2625 regius
2692 2535 2764 2594 et

595 2631 947 2734 Magister
979 2628 1297 2706 Michael
1341 2629 1588 2705 socius
1622 2644 1697 2701 et
1731 2629 2285 2704 concanonicus
2320 2647 2575 2704 noster
2597 2681 2632 2718 ‚
2672 2622 2760 2701 ad

597 2737 737 2811 alia
780 2738 1088 2837 negocia
1119 2735 1211 2809 ad
1248 2751 1684 2836 preceptum
1721 2758 1856 2837 per
1892 2736 2129 2837 ipsum
2188 2734 2587 2811 Dominum
2635 2760 2761 2811 re·

597 2865 771 2943 gem
808 2841 1206 2916 literatorie
1249 2839 1468 2914 nobis
1500 2840 1911 2915 iniunctum
1944 2843 2340 2917 transmissi
2379 2839 2601 2916 nobis
2645 2865 2762 2916 re-

598 2951 966 3036 tulerunt,
1020 2945 1162 3022 isto
1216 2946 1477 3022 ordine
1515 2964 1942 3040 currerent,
1998 2972 2129 3023 seu
2162 2973 2469 3022 cursum
2522 2944 2763 3023 babe-

593 3071 807 3148 rent,
861 3054 1105 3157 primo
1140 3052 1508 3157 inciperet
1549 3056 1626 3126 in
1665 3053 1987 3157 quodam
2025 3072 2236 3156 prato
2271 3056 2465 3128 circa
2502 3080 2762 3158 quem-

592 3157 763 3238 dam
796 3157 1101 3236 fluuium
1125 3216 1145 3253 ,
1199 3164 1329 3257 qui
1368 3179 1664 3266 separet·
1690 3189 1734 3234 a
1773 3161 2232 3265 possessione
2272 3158 2549 3235 domini
2605 3164 2759 3235 Ar-

595 3264 1054 3370 cbiepiscopi
1096 3264 1661 3368 Strigoniensis,
1730 3286 1806 3343 et
1852 3264 2182 3341 eiusdem
2229 3266 2586 3370 Stephani
2627 3268 2756 3344 filii

592 3372 879 3448 Nicolai
917 3373 1092 3448 dicti
1126 3372 1526 3467 Waskutb,
1583 3391 1658 3449 et
1706 3375 1810 3448 ibi
1869 3390 2016 3447 tres
2053 3392 2281 3450 metas
2325 3379 2754 3450 erexissent.

592 3476 775 3552 Inde
800 3482 1089 3554 cursiue
1107 3478 1199 3553 ad
1222 3479 1465 3553 villam
1503 3480 1804 3555 Domini
1833 3479 2400 3582 Archiepiscopi
2420 3483 2755 3558 Kereszt·

592 3610 682 3656 ur
721 3603 1072 3676 vocatam,
1103 3587 1178 3658 in
1219 3582 1485 3661 eodem
1504 3602 1722 3689 prato
1762 3611 1980 3660 vnam
2023 3605 2293 3663 metam
2331 3592 2754 3663 erexissent.

589 3687 766 3762 lude
806 3687 899 3763 ad
934 3710 1217 3793 partem
1256 3694 1929 3796 septemtrionalem
1966 3693 2040 3767 in
2081 3709 2276 3768 terra
2311 3694 2614 3788 arabili,
2676 3696 2756 3770 in

586 3813 879 3886 monte,
934 3820 1154 3871 vnam
1199 3815 1470 3876 metam
1506 3800 1952 3893 erexissent,
2006 3799 2275 3877 abhinc
2313 3800 2401 3876 ad
2441 3801 2757 3878 eandem

584 3903 871 4005 plagam
917 3928 1146 4004 penes
1181 3908 1363 3980 viam
1389 3962 1406 3989 ‚
1467 3932 1615 4010 qua
1650 3907 1805 3983 itur
1837 3904 1931 3983 de
1974 3906 2339 3984 Kerestur
2398 3906 2488 3982 ad
2555 3908 2759 3983 Har-

582 4008 779 4111 kyan
809 4008 1012 4083 iuxta
1032 4027 1301 4084 metam
1320 4015 1697 4116 antiquam
1733 4014 1946 4091 aliam
1980 4010 2074 4089 de
2098 4007 2297 4089 nouo
2331 4014 2759 4091 erexissent.

578 4113 763 4190 Inde
798 4114 997 4202 circa
1038 4116 1382 4192 rubetu'm
1420 4121 1508 4192 ad
1559 4121 2028 4196 occidentem
2052 4175 2075 4215 ,
2128 4122 2207 4196 in
2256 4133 2452 4197 terra
2497 4119 2762 4199 srabffi

575 4219 671 4299 ad
712 4248 929 4312 ynam
966 4239 1235 4299 metam
1275 4225 1721 4320 erexissent,
1777 4222 2047 4301 abhinc
2086 4227 2181 4306 ad
2214 4227 2529 4307 eandem
2586 4227 2751 4339 ph-
