2875 4842
606 414 762 507 454
843 420 860 442 ⁴

500 620 790 700 nollent
826 645 1050 723 supet·
1093 643 1172 693 se
1224 616 1703 723 recipiend0,
1760 634 1964 720 pme
2012 615 2108 691 ab
2160 614 2386 695 altera
2428 640 2691 691 comm

494 729 714 807 nobis
761 727 1131 803 constituti
1175 724 1498 801 confessi
1549 725 1961 799 extiterunt
1997 723 2069 796 in
2106 720 2300 797 hunc
2343 720 2693 813 modum,

499 837 702 938 quod
744 836 879 938 ipsi
936 832 1313 927 videlice-t,
1373 824 1752 905 Ladizlaus
1806 826 1992 904 filius
2027 827 2422 917 soh-annis,
2486 830 2695 903 Pau-

496 941 606 1017 lus
648 968 754 1019 ac.
777 943 1004 1017 frater·
1042 937 1262 1035 filius,
1305 955 1379 1013 et
1417 936 1584 1027 filia,
1617 937 1723 1013 sic
1769 939 1839 1009 in
1876 934 2370 1038 porcionibus
2414 961 2694 1010 eor-um

495 1046 690 1123 infra
742 1045 1080 1125 notandis
1139 1046 1354 1120 talem
1401 1046 1593 1117 inter
1654 1070 1732 1119 se
1782 1042 2126 1131 fecissent
2183 1044 2690 1144 permutatio·

496 1181 667 1229 nem
701 1171 1067 1257 perpetuo
1116 1149 1544 1225 duraturam
1570 1205 1591 1242 ‚
1650 1168 1726 1223 vt
1770 1149 1927 1251 ipse
1965 1145 2248 1224 scilicet
2295 1146 2560 1224 Paulus
2612 1151 2693 1221 in

493 1287 624 1338 sua
645 1258 1176 1361 dictorumque
1218 1255 1464 1330 fratris
1491 1250 1832 1355 fily--et
1860 1252 2259 1330 heredibus
2282 1257 2325 1327 J
2332 1281 2465 1328 ure
2510 1280 2693 1357 per-

494 1360 862 1471 hempnali
934 1363 1410 1469 possidendas
1472 1361 1934 1457 contulisset,
2007 1364 2064 1436 E
2120 1380 2377 1436 contra
2433 1379 2691 1435 autem

496 1472 698 1557 idem
747 1472 1124 1547 Ladizlaus
1171 1469 1356 1545 filius
1412 1466 1767 1543 Johannis
1819 1487 2041 1555 totam
2077 1471 2510 1571 porcionem
2544 1494 2691 1543 su-

498 1607 618 1655 am
672 1581 1354 1684 possessionariam‚
1426 1577 1665 1678 ipsum
1717 1577 1790 1649 in
1845 1579 2305 1678 possessione
2366 1571 2691 1649 Mobora

499 1687 771 1787 quouis
813 1683 1036 1760 modo
1080 1687 1628 1787 contingentem
1656 1698 1736 1757 et
1765 1707 2219 1757 concernere
2258 1679 2689 1773 debentem,

499 1793 675 1896 ipsis
697 1793 975 1891 Paulo,
1027 1790 1340 1871 Nicolao
1365 1844 1388 1884 ,
1449 1780 1830 1879 Uadizlao,
1887 1806 1969 1863 et
2000 1787 2249 1892 puelle
2278 1786 2694 1880 Elizabeth,

502 1923 922 2002 eorumque
962 1899 1317 1972 vuiuersis
1363 1893 1925 1999 posteritatibus
1964 1897 2041 1970 in
2094 1897 2515 1989 euiternum
2551 1912 2684 1971 te-

473 2003 783 2095 „nendas
847 2023 924 2080 et
993 2000 1367 2093 habendas
1440 2004 1874 2104 assignasset,
1939 2021 2162 2104 atque
2230 2000 2691 2088 tradidisset.

501 2135 683 2211 ymo
721 2125 814 2197 ιιι,
825 2109 1309 2214 prescribitur
1342 2111 1839 2213 permutatiue
1864 2107 2235 2199 dederunt
2260 2124 2489 2210 atque
2509 2134 2687 2185 conv

503 2215 834 2294 tulerunt
875 2242 1126 2303 coram
1173 2216 1387 2305 nobis
1436 2214 1626 2293 Nihil
1660 2215 1704 2288 J
1714 2217 1881 2298 uris„
1909 2218 2381 2319 proprietatis
2419 2230 2498 2291 et
2540 2215 2689 2291 dov-

503 2324 715 2424 miny
750 2351 891 2427 pro
926 2350 1003 2398 se
1043 2324 1217 2426 ipsis
1249 2351 1287 2396 a
1321 2314 1548 2399 modo
1582 2323 1656 2395 in
1703 2342 2122 2426 posterum,
2163 2325 2236 2398 in
2272 2322 2485 2397 dictis
2525 2348 2691 2426 per—

507 2435 798 2507 mutatis
841 2428 1319 2533 porcionibus
1362 2447 1487 2503 aut
1521 2455 1777 2504 eorum
1825 2430 2139 2537 posteris
2192 2427 2686 2522 reseruando‚

507 2533 660 2612 Sed
704 2537 925 2612 totale
976 2536 1386 2613 dominium
1438 2561 1705 2610 eorum·
1745 2537 1819 2610 in
1861 2537 2046 2610 alter
2095 2554 2341 2612 vtrum
2378 2535 2687 2612 transfe-

507 2640 787 2733 rendo,
844 2642 1411 2745 Asumpmentes
1460 2659 1536 2716 et
1576 2642 1981 2746 obligantes
2026 2667 2151 2729 se,
2207 2644 2363 2746 ipse
2409 2640 2689 2717 Ladiz-

474 2790 479 2795 ·
511 2747 671 2822 laus
701 2745 892 2824 filius
937 2748 1289 2827 Johannis
1320 2748 1615 2824 eosdem
1658 2749 1961 2826 Paulum
1987 2806 2006 2841 ,
2064 2750 2451 2826 Nicolaum
2476 2805 2495 2840 ,
2534 2751 2687 2824 La-

515 2854 832 2928 dizlaum
872 2875 946 2933 et
977 2856 1291 2959 puellam
1325 2854 1739 2943 Elizabeth,
1768 2884 1851 2932 ac
1888 2854 2514 2955 eorumberedes,
2541 2859 2687 2960 Ipsi

398 2950 410 2963 ’
515 2963 746 3039 eciam
789 2962 1091 3052 Paulus,
1146 2964 1526 3045 Nicolaus,
1593 2962 2002 3051 Ladizlaus‚
2060 2982 2135 3039 et
2167 2964 2408 3067 puella
2460 2963 2691 3047 Elim·

514 3064 693 3144 belh
750 3088 1176 3146 annotatum
1238 3067 1664 3145 Ladizlaum
1717 3070 1947 3149 filium
2001 3070 2353 3151 Johannis
2402 3074 2688 3156 eteius

513 3200 971 3253 successores
1027 3178 1132 3252 in.
1185 3174 1491 3280 pacifico
1546 3174 1877 3257 dominio
1951 3177 2311 3255 dictarum
2384 3191 2684 3265 suarum

519 3300 1088 3385 permutatarum
1128 3285 1597 3385 poreio'num,
1620 3287 2355 3386 possessionariarum
2396 3309 2687 3365 conser-

522 3408 692 3462 uare
713 3389 898 3464 et’ab
922 3390 1260 3465 omnibus
1283 3393 1351 3463 in
1362 3392 1801 3491 petitoribus
1822 3392 2171 3495 expedire
2188 3408 2415 3488 atque
2430 3389 2687 3495 defen,-

519 3521 681 3569 sare
728 3522 1045 3599 propt-ys
1069 3499 1213 3572 suis
1255 3496 1630 3572 laboribus
1667 3516 1740 3573 et
1777 3502 2159 3601 expensis3
2206 3495 2525 3575 dicimus
2562 3518 2682 3575 et-

519 3603 662 3677 iam
691 3604 902 3703 quod
951 3607 1030 3676 in
1067 3605 1296 3679 maius
1332 3623 1837 3704 argumentum
1875 3631 2004 3680 seu
2046 3608 2408 3681 maiorem
2445 3605 2689 3710 peref-

523 3707 845 3782 ctionem
887 3710 1119 3810 ipsius
1147 3710 1601 3809 concamby‚
1660 3712 1813 3814 ipse
1861 3702 2121 3787 Paulus
2162 3730 2517 3787 annotato
2566 3713 2693 3787 La·

495 3809 759 3891 ,dizlao
814 3814 963 3891 filio
1021 3816 1372 3890 Johannis
1430 3817 2008 3920 quadringentos
2069 3818 2387 3897 florenos
2441 3844 2693 3895 coram

525 3918 741 3993 nobis
783 3921 984 3999 dedit
1023 3920 1827 4024 'et'insuper-eandem
1884 3923 2319 4025 porcionem
2374 3926 2451 3999 in
2498 3926 2692 4003 dicta

525 4022 844 4105 Mohora
882 4028 1206 4107 habitam
1247 4029 1341 4107 ab
1379 4028 1555 4123 illis,
1615 4034 1809 4109 circa
1848 4055 2037 4131 quos
2071 4059 2210 4133 pro
2250 4035 2692 4135 sexingentis

521 4128 818 4211 florenis
859 4136 1075 4211 titulo
1115 4136 1451 4239 pignoris,
1490 4132 1923 4223 haberetur,
1978 4141 2127 4223 suis
2163 4140 2575 4247 sumptibus
2604 4139 2693 4223 li*
