2875 4842
1893 616 1904 633 ¹
1980 529 2127 607 195

50 818 53 841 Ρ
119 737 679 846 inpossessionato
752 730 1100 843 copulata
1156 734 1524 814 extitisset
1548 790 1577 829 ,
1671 751 1752 816 et
1810 761 1910 814 ex
1966 710 2235 818 eodem

50 868 51 879 ¹
118 876 293 923 unam
335 845 548 921 filiam
607 846 931 948 genitam
963 842 1307 932 baberet,
1362 842 1566 922 unde
1622 842 1767 920 sibi
1817 843 1954 921 Jus
2019 870 2240 925 suum

119 955 398 1056 quartale
432 953 528 1027 de
572 952 914 1056 predictis
969 948 1444 1054 portionibus
1487 950 1811 1055 paternis
1849 976 2020 1029 cum
2076 978 2239 1057 pos-

117 1061 383 1135 sessione
423 1058 734 1134 deberet
774 1057 1196 1162 provenire.
1270 1054 1560 1147 Quibus
1600 1054 1865 1133 auditis
1914 1059 2242 1165 predicti

119 1164 392 1267 Magistri
444 1166 745 1260 Petrus,
824 1161 1132 1256 Paulus,
1205 1180 1280 1239 et
1330 1161 1706 1240 Johannes
1755 1161 1888 1265 fity
1948 1162 2242 1244 Nicolai

118 1258 295 1356 modo
325 1272 537 1347 simili
566 1272 1057 1377 personaliter
1087 1295 1337 1344 coram
1370 1269 1584 1346 nobis
1618 1266 2095 1368 adherentes,
2130 1297 2244 1348 re·

119 1368 532 1482 spondissent
567 1406 663 1453 ex
698 1376 1033 1457 adverso.
1095 1373 1350 1467 Quod
1390 1374 1530 1479 ipsi
1576 1373 1945 1480 predictas
1978 1378 2240 1455 Domi-

116 1510 214 1558 nas
259 1485 341 1559 de
392 1484 701 1591 prefatIs
750 1480 1217 1588 portionibus
1279 1480 1871 1587 possessionariis
1925 1480 2245 1563 condam

116 1591 520 1693 prefatorum
578 1591 909 1681 Nicolai,
968 1606 1045 1665 et
1091 1585 1445 1664 Jobannis
1495 1586 1822 1666 filiorum
1860 1591 2066 1667 Pauli
2108 1617 2245 1697 po·

117 1697 456 1775 tentialiter
511 1724 669 1774 non
708 1695 1190 1772 exclusissent
1218 1749 1241 1789 ,
1294 1690 1427 1770 sed
1474 1690 1814 1798 predicte
1860 1699 2289 1801 portiones'
2327 1718 2330 1723 '

120 1804 635 1902 possessionarie
670 1798 1108 1880 eorumdem
1139 1798 1465 1878 filiorum
1492 1801 1700 1877 Pauli
1728 1803 1941 1908 ipsis,
1989 1829 2082 1905 pe
2106 1802 2248 1880 Be-

119 1909 358 1988 nedicto
388 1908 543 1987 filio
583 1908 815 2012 ipsius
846 1905 1131 1983 Nicolai
1177 1905 1532 1982 fratribus
1565 1908 1899 2009 ipsorum
1933 1928 2250 2016 patrue-

48 2026 49 2029 ’
120 2015 308 2111 libus,
357 2035 432 2092 et
472 2008 1175 2094 condivisionalibus
1230 2012 1515 2116 absque
1573 2011 1964 2090 heredibus
2003 2016 2247 2094 abhoc

115 2124 312 2199 seculo
381 2122 911 2223 transmigratis
976 2125 1053 2196 in
1122 2120 1323 2225 ipso!
1389 2117 1741 2194 devolute
1810 2121 2243 2200 extitissent.

116 2230 239 2331 Ipse
268 2252 440 2304 vero
486 2230 791 2306 domine
834 2226 981 2303 filie
1015 2227 1243 2331 ipsius
1288 2226 1540 2317 Pauli,
1597 2250 1684 2300 ac
1729 2228 2042 2303 Domina
2084 2228 2246 2305 Ma·-

46 2348 49 2437 }
116 2351 197 2409 ter
224 2333 495 2440 prefate
554 2336 881 2411 Domine
936 2331 1195 2409 relicte
1246 2328 1606 2406 „iohannis
1659 2329 1786 2432 fily
1823 2326 2092 2411 Pethus
2147 2332 2243 2411 de

46 2440 49 2491 ἓ
116 2442 337 2518 eisdem
382 2442 857 2547 portionibus
901 2439 1078 2515 olim
1112 2436 1486 2513 nobilibus
1537 2438 1817 2514 maritis
1857 2442 2243 2547 copulate,

46 2496 49 2617 l
114 2564 170 2621 et
197 2551 561 2626 extradate
615 2549 1048 2623 extitissent.
1135 2546 1171 2619 1
1227 2570 1303 2618 sa
1370 2546 1595 2618 etiam
1634 2544 1950 2619 Domina
1989 2545 2247 2625 relicte

46 2672 49 2765 μ
113 2648 388 2731 'I'liomae
450 2684 605 2732 non
660 2653 938 2729 bomini
1001 2572 1354 2755 ignobili,
1445 2667 1518 2726 et
1582 2652 2304 2755 inpossessionato,·'

112 2760 204 2833 sed
237 2764 462 2838 eidem
495 2762 788 2837 Thome
837 2760 1067 2835 nobili
1123 2756 1219 2831 de
1270 2757 1498 2833 Sauul
1551 2752 1806 2834 fuisset
1852 2762 2245 2837 matrimo-

115 2867 351 2944 nialiter
385 2869 753 2973 copulata.
826 2867 919 2940 Et
955 2864 1237 2941 ibidem
1277 2861 1633 2968 quasdam
1673 2864 1950 2940 litteras
1996 2866 2241 2970 predi·

116 2974 190 3046 cti
221 2973 705 3079 Symegiensis
727 2970 1149 3049 Conventus
1185 2971 1695 3075 privilegiales‚
1744 2973 1829 3045 In
1871 3000 2066 3050 antio
2093 2974 2241 3050 Do-

46 3164 49 3179 >
112 3080 251 3155 mini
304 3083 689 3158 millesimo
747 3080 1261 3156 tercentesimo
1326 3078 1864 3180 septuagesimo
1927 3098 2237 3178 octavu,

46 3186 49 3279 ζ
113 3204 331 3286 quarto
381 3186 517 3264 die·
538 3208 964 3263 octavarum
1012 3183 1155 3257 dici
1198 3182 1419 3283 medy
1461 3180 2017 3287 quadragesime
2056 3212 2237 3259 con·

46 3352 49 3395 5
114 3291 292 3369 sectas
354 3296 565 3372 nobus
618 3307 1156 3399 presentaesent
1212 3284 1688 3364 declarantes.
1781 3290 1997 3380 Quod
2061 3315 2236 3365 cum

46 3410 49 3489 ξ»
114 3391 277 3495 juxta
322 3403 851 3501 continentiam
891 3400 1297 3474 littei-arum
1354 3391 1822 3471 serenissimi
1879 3396 2233 3500 Principis

116 3501 363 3581 Domini
408 3507 774 3583 Ludovici
815 3502 1101 3629 pridem
1148 3500 1393 3580 Incliti
1443 3503 1667 3604 Regis
1713 3498 2070 3602 hungarie
2104 3505 2230 3608 pie

116 3617 455 3707 memorie,
511 3613 651 3689 sub
692 3613 953 3716 tnajori
987 3637 1123 3686 suo
1167 3607 1427 3713 sigillo
1464 3609 2057 3708 consignatorum
2097 3610 2229 3686 ob·

116 3708 579 3817 ligationalium
620 3724 693 3794 in
736 3718 945 3793 dictis
978 3718 1257 3793 oetavis
1307 3713 1452 3790 diei
1496 3712 1662 3788 med
1667 3742 1716 3813 y
1755 3713 2225 3821 quadragesi·

118 3842 199 3896 me
228 3853 350 3928 per
382 3843 529 3902 tres
586 3824 895 3932 probos,
951 3843 1025 3900 et
1062 3821 1346 3897 nobiles
1385 3822 1585 3897 viros
1618 3847 1863 3896 coram
1908 3828 2228 3900 testimo·

120 3925 212 4003 nio
247 3932 407 4008 ducti
469 3934 891 4010 Conventus
941 3933 1129 4004 inter
1175 3925 1542 4032 predictos
1590 3927 2019 4031 Magistrum
2076 3933 2225 4006 Pe-'·

118 4045 308 4132 ῑωιιι,
359 4041 660 4115 Paulum
699 4055 778 4115 et
822 4036 1231 4111 Johannem
1270 4032 1461 4109 filios
1499 4034 1789 4109 Nicolai
1849 4036 1977 4137 fity
2015 4036 2225 4133 Gede

120 4131 186 4209 de
228 4143 500 4220 Zaksch
561 4147 655 4222 ab
713 4173 897 4235 una,
955 4160 1029 4216 et
1085 4143 1282 4217 inter
1329 4158 1714 4216 annotatos
1757 4138 2165 4218 Johannem
2199 4197 2225 4238 ‚
2287 4150 2298 4159 “

121 4258 178 4317 et
200 4246 559 4330 Nicolaum
595 4253 785 4331 filios
827 4250 1030 4327 Pauli
1066 4247 1477 4350 filyHeem
1507 4247 1601 4321 de
1641 4244 1898 4384 eade?
1939 4244 2229 4327 Zakacb
