2875 4842
660 398 816 468 408

556 632 728 689 tum
783 599 1467 707 mercimqnialibua
1527 598 1851 707 'propriis
1898 601 1993 678 ad
2051 604 2419 679 Civitates
2476 620 2752 681 noem·

559 703 994 810 Budensem}
1032 707 1314 786 scilicet
1349 707 1757 785 Albensem
1802 725 1881 784 et
1918 707 2012 785 ad
2051 709 2465 785 Civitatem
2526 711 2753 786 Poso-

551 819 884 897 niensem
925 816 1400 911 antedictam,
1436 841 1524 891 ac
1557 813 1870 892 ubilibet
1905 817 1981 892 in
2002 817 2363 920 Regnum
2415 833 2748 892 nostrum

550 926 974 1029 Hungariae
1026 921 1507 1025 apportandis
1532 924 1685 1015 „in
1727 926 2089 1023 quantum
2129 949 2209 998 se
2257 921 2489 998 Mille
2531 920 2748 996 flore-

552 1035 633 1108 ni
677 1032 869 1108 Auri
921 1029 1015 1106 de
1062 1030 1465 1105 Tricesima
1504 1028 1846 1132 exigendi
1883 1032 2093 1104 annis
2131 1030 2449 1130 singulis
2493 1046 2747 1103 exten-

554 1138 775 1232 dunt,
823 1158 1142 1244 prorsus
1200 1152 1277 1211 et
1323 1161 1460 1240 per
1502 1137 1749 1212 omnia
1802 1140 2119 1238 gratiose
2160 1136 2747 1227 relaxassemus‚

422 1338 428 1345 .
551 1247 864 1346 Vosque
904 1239 1318 1319 huiusmodi
1358 1242 1695 1334 Gratiam
1728 1268 1869 1346 per
1903 1269 2036 1320 nos
2072 1244 2251 1343 ipsis
2297 1240 2588 1318 factam
2622 1264 2744 1345 pro

553 1348 834 1429 nichilo
888 1364 1360 1454 reputantes»,
1413 1374 1502 1423 ac
1553 1351 1759 1454 ipsos
1810 1347 2029 1425 Cives
2077 1365 2389 1427 nostros
2429 1346 2529 1423 ad
2573 1342 2743 1423 Bolu-

551 1460 834 1535 tionem
891 1457 1158 1532 dictae.
1192 1454 1641 1531 Tricesimae
1693 1455 1790 1532 de
1836 1454 2052 1531 dictis
2098 1454 2453 1561 ipsorum
2491 1454 2739 1533 rebus.

556 1564 794 1640 Vobis
843 1560 1258 1639 faciendam
1316 1560 1827 1665 compulistis,
1880 1580 1960 1638 et
2009 1559 2491 1667 compellere
2540 1559 2734 1636 dein-

557 1697 735 1774 ceps
776 1668 1235 1748 conaremini
1289 1683 1362 1741 et
1407 1669 1691 1744 velletis
1744 1669 1823 1743 in
1879 1694 2145 1745 eorum
2203 1666 2736 1772 praeiudicium

557 1794 634 1851 et
677 1802 1091 1879 gravamen.
1135 1773 1229 1850 Et
1273 1776 1445 1877 quia
1474 1760 1629 1849 N‘os'
1650 1774 2057 1850 huiusmodi
2076 1776 2429 1879 gratiam,
2488 1793 2566 1849 vt
2591 1798 2730 1877 per·

559 1886 923 1977 mittitur,
977 1886 1036 1956 si
1073 1884 1173 1957 ita
1213 1897 1361 1966 est,
1415 1879 1725 1973 factam,
1782 1877 2385 1961 velimussacere
2436 1879 2731 1958 inviola-

559 1986 812 2064 biliter
873 1987 1293 2062 observari:
1372 1984 1799 2063 mandamus
1854 1989 2083 2092 igitur
2158 1987 2545 2066 Fidelitati
2606 1984 2725 2059 Ve-

561 2115 754 2171 strae
804 2093 1112 2171 firmiter
1162 2111 1241 2168 et
1284 2091 1615 2169 districte
1669 2120 1812 2198 ρει·
1867 2112 2337 2200 praesentes,
2399 2112 2725 2200 quatenus

563 2202 792 2279 rebus
831 2201 935 2275 sic
974 2228 1051 2275 se
1089 2199 1529 2293 habentibus
1553 2256 1576 2294 ‚
1637 2192 2003 2303 praefatos
2037 2200 2259 2281 Cives
2292 2222 2375 2279 et
2414 2202 2722 2303 Hospite·

563 2326 881 2384 nostros·
918 2307 1007 2382 ad
1057 2305 1501 2389 solutionem
1558 2300 1802 2382 dictae
1859 2308 2311 2385 Tricesimae
2360 2309 2460 2385 de
2496 2326 2719 2383 eorum

564 2415 789 2491 rebus
829 2417 1146 2518 propriis
1189 2414 1858 2491 mercimonialibus
1900 2414 2214 2493 ubilibet
2270 2418 2352 2492 in
2408 2414 2715 2517 Regnum

562 2521 988 2625 Hungariae
1030 2519 1511 2623 apportandis
1548 2549 1590 2593 a
1638 2521 1863 2599 modo
1901 2541 1978 2600 et
2014 2522 2374 2625 deinceps
2426 2513 2715 2621 compel‘

522 2628 724 2726 ‘lere
780 2626 985 2702 nulio
1034 2627 1258 2701 modo
1313 2629 1839 2729 praesumatis,
1891 2628 2023 2704 sed
2076 2631 2530 2733 praedictam
2570 2627 2716 2698 Gra·

569 2735 746 2808 tiam
805 2758 939 2835 per
1000 2733 1154 2807 Nos
1210 2734 1384 2835 ipsis
1443 2729 1707 2808 factam
1764 2734 2291 2812 inviolabiliter
2354 2737 2712 2813 observare

568 2837 920 2914 debeatis.
1015 2834 1108 2912 Et
1144 2837 1340 2913 aliud
1385 2840 1682 2916 Gratiae
1738 2842 2052 2918 Nostrae
2090 2843 2228 2918 snb
2280 2841 2589 2920 obtentu
2624 2831 2710 2906 fn·

572 2971 747 3022 cere
781 2973 927 3018 non
971 2946 1240 3039 ausuri,
1268 2965 1689 3051 praesentes
1721 2949 1941 3025 etiam
1971 2966 2142 3051 post
2181 2949 2542 3025 lecturam
2565 2962 2712 3017 sem·

570 3080 710 3159 ρει·
762 3050 977 3128 reddi
1028 3051 1365 3128 iubemus
1419 3058 1935 3156 praesentanti.
2012 3057 2284 3134 Datum
2334 3049 2712 3154 Tyrnaviae

573 3160 652 3235 in
697 3158 922 3255 Festo
959 3158 1227 3237 Beatae
1270 3161 1556 3235 Priscae
1600 3160 1966 3262 Virginis,
2007 3161 2234 3238 Anno
2273 3145 2714 3237 DominiMil·

575 3267 837 3343 lesimo
871 3265 1429 3342 Trecentesimo
1475 3266 1976 3371 Nonagesimo
2016 3265 2273 3346 Sextoi
2334 3267 2450 3372 (L.
2486 3261 2586 3359 S.)

662 3389 733 3450 ln
766 3391 984 3449 charta
1013 3394 1329 3449 exaratum
1350 3433 1375 3463 ,
1421 3406 1506 3451 ex
1538 3382 1652 3465 que
1685 3389 1803 3452 fide
1853 3394 2098 3469 integra
2139 3393 2473 3474 descripsit
2516 3387 2709 3457 Geor&-

774 3488 1202 3567 Gyarikovita.

1503 3682 1835 3764 CXCVI.

583 3820 733 3874 Idan
749 3837 925 3892 prope
949 3825 1248 3879 Paeonium
1281 3826 1349 3879 in
1376 3829 1616 3881 ναίει-αι
1641 3827 1898 3884 Danubii
1925 3846 2026 3883 ux
2061 3846 2305 3903 aquas
2336 3842 2503 3886 nanu
2526 3812 2706 3878 ”¹¹³4

772 3911 865 3966 ιιι·
889 3912 1061 3968 iubae.
1113 3915 1182 3970 A.
1213 3913 1373 3978 1396.

565 4050 570 4055 -
775 3999 936 4081 Nos
997 4003 1512 4111 sigismundus
1569 4006 1711 4083 Dei
1771 4008 2022 4086 Gratia
2070 4012 2244 4088 Rex
2294 3997 2696 4107 Hungnrim

582 4108 986 4189 Dalmatiae
1003 4166 1050 4232 ⁹.
1084 4112 1425 4192 croatiae
1480 4130 1622 4192 etc.
1679 4140 1768 4191 ac
1825 4114 2165 4197 Mat-chio
2220 4102 2691 4195 Bmdmbm·
