2875 4842
2059 430 2212 505 203

48 648 49 691 3
172 645 454 722 termino
486 645 853 749 assignato
891 644 1155 733 eidem·
1196 644 1520 721 Domino
1580 641 1912 719 Palatino
1968 637 2317 716 amicabi-

46 742 49 787 ³
170 752 312 827 liter
367 752 813 831 rescriberet
862 750 1295 830 Conventus
1362 746 1808 823 Zaladiensis
1861 765 2313 852 prenotatus.

166 856 464 936 Tandem
505 861 666 963 ipso
710 857 1035 937 Domino
1074 856 1383 935 Nicolao
1421 850 1514 930 de
1558 860 1751 929 Gara
1791 894 1899 929 -,-
1938 896 2168 915 --
2199 854 2315 927 In·

167 964 533 1070 quindenis
569 983 996 1042 octavarum
1052 966 1217 1043 festi
1275 965 1470 1038 beati
1516 962 1819 1049 Martini
1872 958 2315 1051 confessoris

168 1074 476 1172 proxime
521 1071 902 1177 preteritis
960 1099 1102 1147 una
1148 1070 1323 1146 'cum
1366 1072 1606 1171 Regni
1657 1063 2028 1145 nobilibus
2077 1065 2315 1171 profa-

165 1176 393 1255 ciendo
456 1178 921 1255 moderatim
976 1177 1274 1254 Judicio
1315 1174 1784 1255 causantibus
1837 1179 1913 1249 in
1963 1177 2137 1271 sede
2180 1199 2315 1249 sua

162 1276 530 1360 Judiciaria
564 1282 865 1373 sedente
907 1280 1257 1363 Nmoiaus
1294 1281 1482 1359 filius
1513 1321 1624 1341 -
1664 1323 1763 1337 --
1785 1306 1923 1386 pro
1961 1280 2314 1383 magistro

44 1384 47 1391 ’
162 1390 351 1466 Petro
381 1392 425 1465 J
432 1392 722 1466 ohanne
776 1410 855 1466 et
892 1391 1118 1467 Paulo
1159 1389 1320 1491 sslys
1350 1388 1638 1466 Nicolni
1684 1389 1778 1464 de
1816 1387 2107 1465 Zakacb
2145 1413 2316 1462 cum

164 1500 669 1599 procuratoriis
708 1495 971 1573 litteris
1010 1496 1283 1575 nostris
1300 1494 1390 1572 ad
1425 1498 1653 1600 ipsius
1683 1494 1987 1571 Domini
2021 1490 2319 1572 Nicoiai

163 1598 236 1677 de
278 1605 477 1680 Gara
528 1602 830 1681 Paiatini
874 1604 1242 1681 veniendo
1282 1605 1721 1708 presentiam
1759 1642 1862 1665 -·-
1894 1640 2004 1659 —
2041 1600 2147 1657 --‘
2189 1596 2312 1675 di-

163 1711 237 1783 cti
273 1711 701 1786 Conventus
745 1708 1456 1812 Zaladiensis.super
1493 1708 1859 1811 premissis
1896 1709 2315 1834 rescriptio-

162 1818 329 1891 nales
378 1817 630 1891 eidem
681 1814 1013 1896 Palatino
1064 1814 1568 1922 presentns'set.
1656 1818 1741 1892 In
1802 1812 2073 1920 quibus
2115 1814 2314 1892 idem

130 1920 506 1997 ‘Palatinus
543 1922 861 2027 prefatas
915 1921 1202 2007 nobiles
1252 1919 1583 1996 dominas
1642 1940 2065 2001 consortem
2117 1922 2314 1997 Petri

158 2025 264 2128 fity
297 2027 656 2104 Iohannis
695 2028 789 2103 de
848 2028 1054 2106 Dee‘d
1097 2032 1170 2104 in
1226 2030 1486 2105 eadem
1545 2024 1747 2105 Deed
1777 2084 1798 2119 ,
1856 2056 1942 2106 ac
1987 2028 2314 2103 relictam

156 2133 410 2213 Thome
454 2134 587 2235 fily
626 2135 822 2210 Petri
858 2133 949 2212 de
990 2136 1221 2212 Sauui
1271 2161 1409 2210 nec
1453 2162 1603 2209 non
1648 2137 1977 2211 relictam
2024 2132 2317 2211 Joban-

155 2243 248 2314 nis
283 2242 402 2344 fily
464 2241 734 2317 Pethus
773 2244 843 2315 in
894 2243 1148 2318 eadem
1196 2238 1489 2316 Zakacb
1538 2244 2010 2346 portionibus
2052 2240 2317 2318 videli-

154 2366 254 2423 cet
297 2353 315 2422 i
369 2376 621 2424 sarum
684 2350 1275 2451 possessionariit
1316 2391 1420 2405 -—-
1458 2390 1559 2402 --
1597 2389 1698 2407 --
1755 2346 2022 2450 filyum,
2053 2346 2315 2425 Pethus

155 2452 231 2528 de
338 2454 882 2556 akacby'suum
949 2456 1458 2547 Palatinalem,
1518 2472 1593 2530 et
1647 2455 1950 2530 fratrem
2000 2452 2313 2555 Georgi·

152 2586 265 2634 um
310 2560 808 2665 presbiterum
852 2559 1030 2638 dicti
1065 2561 1493 2638 Conventus
1536 2560 1867 2636 homines
1908 2561 1990 2635 In
2037 2560 2314 2635 octavis

153 2666 295 2743 festi
346 2662 560 2744 beati
606 2667 949 2761 Martini,
1039 2667 1485 2745 confessoris
1541 2685 1715 2743 tunc
1779 2669 2149 2773 preteritis
2217 2662 2311 2773 ᾳᾷ

152 2778 482 2876 premissa
554 2791 814 2850 contra
867 2795 1259 2852 annotatos
1329 2776 1754 2879 magistrum
1834 2774 2131 2852 Petrum
2184 2774 2311 2848 Jo-

151 2879 437 2958 hannem
492 2892 575 2956 et
636 2878 943 2956 Paulum
995 2883 1180 2958 fiiios
1234 2882 1519 2957 Nicolai
1583 2879 1677 2957 de
1745 2882 2172 2958 Ereztbwen
2217 2876 2313 2953 ad

150 2985 361 3064 dictas
399 2987 815 3091 quindenas
858 3006 1287 3065 octavarum
1322 2987 1489 3063 festi
1545 2985 1738 3061 beati
1789 2984 2087 3064 Martini
2135 3012 2314 3062 con-

148 3091 424 3172 fessoris
458 3091 782 3194 legitime
818 3114 1157 3171 evocatas
1197 3095 1420 3170 fuisse
1472 3095 1960 3198 comperisset
1995 3091 2313 3168 manife-

149 3218 266 3274 ste.
353 3202 477 3277 Ad
516 3226 694 3301 quas
733 3199 1039 3304 quidem
1068 3239 1181 3261 —-
1209 3243 1308 3256 —-
1350 3197 1639 3305 prefate
1679 3200 1968 3274 nobiles
2011 3197 2311 3274 domine

146 3308 502 3410 prefatum
533 3305 922 3383 Nicolaum
964 3306 1193 3383 filium
1220 3310 1565 3411 Gregory
1604 3305 2010 3410 legitimum
2046 3329 2312 3411 procu·
2427 3344 2446 3361 .

151 3433 454 3492 ratorem
498 3415 889 3490 memorati
924 3417 1241 3517 magistri
1286 3416 1506 3506 Petri,
1544 3410 1939 3507 salmonis,
1995 3431 2069 3488 et
2107 3408 2312 3486 Pauli

148 3517 500 3615 filiorum,
574 3539 649 3597 et
724 3519 1010 3596 Nicolai
1064 3522 1401 3624 legitimis
1450 3516 1710 3597 diebus
1769 3519 2311 3622 quindenarum

153 3628 563 3703 earumdem
618 3652 870 3703 coram
926 3628 1192 3705 eodem
1246 3628 1566 3704 Domino
1623 3624 1935 3701 Nicolao
1987 3625 2080 3700 de
2116 3626 2313 3699 Gara
2377 3625 2387 3637 '

154 3752 521 3838 expectate
556 3736 630 3808 in
676 3735 899 3912 ipsius
935 3738 1373 3837 presentiam
1416 3760 1564 3805 non
1609 3734 1977 3812 venissent
2010 3759 2147 3807 nec
2181 3730 2315 3804 mi·

155 3840 439 3933 sissent,
498 3866 637 3915 nec
742 3838 982 3915 udicia
1017 3841 1503 3945 Septuaginta
1559 3837 1865 3915 duarum
1908 3838 2314 3914 marcarum

157 3951 591 4046 persolvere·
636 3945 1040 4039 debenteS,
1128 3945 1649 4053 persolvissent
1717 3975 1795 4023 se
1860 3974 1996 4052 pro
2051 3969 2311 4021 earum

156 4078 289 4128 non
330 4054 703 4132 venientia
736 4080 815 4128 in
850 4050 1154 4157 Judi'cys
1196 4053 1610 4145 consvetis,
1666 4073 1741 4130 et
1785 4082 1924 4155 pro
1970 4079 2121 4127 non
2171 4074 2306 4124 so-

154 4152 412 4239 lutione
468 4159 836 4237 dictorum
909 4159 1370 4240 Judiciorum
1436 4161 1507 4234 in
1564 4144 1849 4266 duppin
1899 4154 2304 4235 eorundem
