2875 4842
2021 458 2171 532 143
2283 537 2288 542 .

140 652 514 751 diabilitcr,
565 657 658 737 ab
691 659 867 766 ipsis
907 659 1243 739 debeatis
1295 660 1641 765 exigere,
1697 662 1910 740 vobis
1953 683 2030 742 et
2067 695 2279 775 prae-

138 769 371 843 notatis
410 767 717 843 Civibus
766 771 1079 861 nostris,
1131 769 1425 871 aequali
1466 770 1815 872 portione
1866 772 2276 851 cedendam

136 899 315 948 secus
347 873 481 949 sub
519 879 773 951 nostre
829 878 1073 976 grauis
1128 878 1646 978 indignationis
1678 877 2001 955 obtentu
2044 882 2277 959 nulla-

140 995 319 1055 tenu·
369 980 620 1057 facere
686 1000 1226 1080 presumentes,
1278 999 1662 1087 presentes
1719 1011 1904 1060 vero
1962 1006 2130 1089 post
2170 991 2274 1063 le·
2385 1017 2400 1029 ·

139 1104 380 1162 etur-am
426 1085 833 1162 earundem
898 1086 1110 1164 reddi
1178 1086 1526 1192 jubemus
1571 1096 2043 1192 presentanti,
2137 1096 2276 1170 Da·

138 1206 261 1264 tum
312 1193 555 1267 Budae
610 1191 729 1269 die
777 1201 961 1271 18-o
1012 1198 1280 1271 mensis
1321 1195 1503 1298 suly
1546 1199 1771 1272 Anno
1826 1198 2128 1276 Domini
2168 1202 2273 1280 M.

52 1413 57 1422 Ι
135 1296 714 1377 CCCLXXXIV.
774 1298 1104 1406 Septima
1146 1301 1573 1379 indictione.

201 1439 450 1517 Diplama
497 1439 809 1518 originale
850 1443 1395 1559 Membrqiaccnnut
1430 1442 1547 1502 Ch.
1594 1443 1820 1522 Sigfflo
1861 1389 2182 1524 Ῑὶινςίιιιῑίἰ
2199 1450 2276 1511 ab

288 1561 439 1622 intus
469 1561 779 1637 impresso
803 1560 1079 1640 possidet
1108 1563 1313 1624 Nicol.
1349 1562 1719 1624 Jankovich.

1054 1751 1312 1830 XXV.
1556 1800 1560 1806 v
1695 1805 1706 1838 ι

139 1901 433 1958 assumus
471 1899 794 1974 spiscopus
837 1901 1207 1958 Jaurinemis
1244 1905 1582 1958 cantoratus·
1615 1904 1884 1959 decimam
1926 1906 1991 1960 de
2017 1909 2279 1963 Lovacz-

276 2007 495 2064 μεσπι
522 1993 798 2047 nstituit.
852 1992 919 2047 A.
953 1989 1117 2046 1384.

285 2105 436 2181 Nos
489 2105 953 2182 Guillermus
1002 2102 1122 2179 dei
1185 2120 1262 2179 et
1322 2100 1721 2206 apostolice
1767 2099 1982 2177 Sedis
2035 2107 2279 2207 gracia

140 2205 509 2314 Episcopus
562 2212 1009 2305 Jauriensis,
1064 2228 1329 2286 notum
1380 2206 1689 2284 facimus
1744 2211 2148 2304 vniuersis,
2204 2230 2282 2287 et

137 2316 392 2420 singulis
453 2336 838 2424 presentes
893 2333 1177 2391 nostras
1233 2316 1481 2391 literas
1532 2314 2013 2418 inspecturis,
2068 2307 2280 2419 quod

138 2427 430 2521 quamuis
477 2451 619 2502 nos
663 2451 757 2500 ex
804 2423 1236 2498 inductione
1284 2419 1708 2521 aliquorum
1744 2424 2115 2497 vniuersas
2157 2421 2281 2500 de·

52 2587 53 2602 ,
138 2526 320 2605 cimas
377 2531 551 2606 ville
610 2531 1114 2633 Loazpatana,
1168 2525 1307 2605 sub
1369 2527 1871 2602 decimacione
1934 2552 2066 2601 seu
2110 2530 2279 2603 cul-

52 2629 53 2676 ἕ
138 2635 276 2712 tello
330 2636 423 2714 de
467 2637 727 2722 Vazar
768 2636 1200 2729 existentis,
1255 2662 1295 2707 a
1359 2633 1681 2710 discreto
1730 2648 1809 2730 et
1858 2631 2278 2711 honorabili

138 2741 266 2819 viro
321 2744 646 2820 Domino
689 2743 1026 2828 Johanne
1068 2741 1390 2819 Cantore
1448 2768 1592 2845 pro
1642 2758 1982 2844 tempore
2027 2741 2277 2834 abstu-

136 2844 451 2943 levamus,
513 2851 687 2955 quia
736 2869 977 2925 tamen
1026 2846 1221 2924 idem
1281 2848 1639 2923 Dominus
1693 2851 1969 2924 Cantor
2017 2873 2111 2924 ex
2158 2874 2275 2926 se-

137 2953 227 3027 rie
263 2953 634 3034 literarum
686 2954 1241 3059 priuilegialium
1284 2954 1937 3055 praedecessorum
1987 2971 2275 3029 nostro-

135 3084 270 3150 tum
324 3061 862 3168 Episcoporum
905 3062 998 3136 dc
1056 3088 1190 3154 co,
1251 3061 1451 3161 quod
1509 3062 1666 3162 ipse
1712 3060 2025 3150 decime,
2068 3063 2275 3138 omni

52 3205 53 3210 ¹
133 3165 298 3243 Juris
335 3172 595 3262 titulo,
653 3169 981 3273 dignitati
1004 3169 1432 3244 cantoratus
1455 3166 1785 3252 Ecclesi'e
1822 3184 2073 3240 nostre
2104 3168 2270 3241 Jau-

133 3272 285 3350 rien.
351 3275 680 3381 predicte
734 3277 1107 3379 pertinere
1160 3272 1680 3368 dinoscantur,
1737 3298 1873 3348 nos
1912 3272 2266 3348 informa·-

133 3381 253 3472 uit,
330 3401 552 3485 prout
608 3382 917 3457 lucidius
972 3383 1047 3455 in
1111 3382 1286 3479 ipsis
1354 3381 1616 3455 litteris
1663 3377 2265 3488 ¹priuilegialibus

135 3489 562 3566 continetur:
616 3490 799 3564 Ideo
858 3515 993 3565 nos
1050 3485 1277 3561 dictas
1330 3481 2036 3588 decimas'predicte
2089 3487 2260 3565 ville

137 3585 224 3665 Lo
347 3610 559 3671 atana
607 3595 850 3671 eidem
903 3596 1225 3669 Domino
1271 3593 1576 3668 Cantori
1621 3610 1697 3670 et
1750 3616 1879 3665 sue
1926 3588 2254 3695 dignitati

135 3702 285 3794 possi
336 3702 595 3779 endam
616 3721 690 3778 et
706 3703 1257 3808 percipiendam
1282 3700 1695 3775 remisimus
1722 3716 1796 3773 et
1811 3701 2255 3780 ,remittimus

136 3811 498 3901 patrocinio
540 3813 1009 3914 presencium
1070 3809 1487 3883 litterarum
1549 3823 1968 3884 nostrarum
2018 3803 2252 3882 medi-

135 3928 279 4000 ante.
332 3917 600 3993 Datum
636 3918 915 3992 Jaurini
954 3918 1030 3989 in
1066 3915 1260 3989 festo
1282 3910 1760 3987 Exaltationis
1798 3931 2040 3989 sancte
2063 3915 2249 3988 Cru-

136 4014 255 4109 cis,
298 4022 517 4099 Anno
563 4023 865 4099 Domini
906 4020 1484 4114 MCCCLXXX.
1518 4021 1862 4121 quart0.“
1917 4020 2001 4091 L.
2043 4017 2120 4094 S.

197 4159 276 4222 Ex
306 4167 598 4243 originali.
656 4165 727 4225 In
768 4164 976 4240 sigillo
1015 4119 1270 4222 rotundo
1309 4175 1614 4237 expresse
1659 4159 1930 4234 legitur:
1977 4158 2241 4236 Episco-
2339 4187 2344 4196 ·

213 4268 392 4352 Tom.
426 4277 526 4351 X..
547 4261 721 4355 Vhl.
756 4271 956 4347 VIII.
1746 4271 1856 4356 ,ιο
