2875 4842
672 462 820 534 134

555 681 671 748 tus
700 672 812 750 sui
848 668 1055 748 Zilah
1090 667 1347 769 (hodie
1387 671 1604 778 Zilaj)
1645 676 2103 759 nominatae,
2149 671 2291 746 sub
2318 679 2574 745 monte
2596 667 2741 744 Me·
2853 763 2854 770 ἵ

549 803 707 856 stes
746 797 1014 857 vocato
1065 781 1484 869 existentis,
1538 807 1585 856 a
1629 780 2033 884 longissimi
2049 774 2427 882 :temporis
2461 776 2734 879 spatio,

551 898 628 960 et
671 914 712 963 a
770 902 1113 992 tempore
1169 907 1308 990 per
1367 902 1697 991 tempus,
1754 887 1847 961 de
1901 886 2116 961 cuius
2164 884 2547 959 contrario
2601 905 2739 956 me-
2853 961 2854 972 χ

547 995 786 1069 moria
845 992 1227 1071 hominum
1280 1018 1432 1067 non
1475 989 1796 1080 existi't,'
1823 993 2347 1096 perstitissent,
2405 1003 2484 1065 et
2521 991 2736 1064 etiam
2853 1011 2854 1016 ’

548 1125 749 1188 nunc
807 1103 965 1205 ipse
1001 1101 1430 1203 persisteret
1479 1100 1574 1174 de
1616 1100 2025 1202 praesenti3
2079 1098 2208 1174 sed
2256 1098 2738 1200 instrumenta

551 1206 916 1299 literaria,
972 1207 1248 1282 factum
1362 1207 1731 1282 raedictae
1786 1205 2264 1310 possessionis
2305 1200 2517 1277 Zil‘ah
2577 1220 2745 1276 tan-

549 1313 793 1415 gentia
824 1369 846 1406 ,
916 1340 960 1389 a
1016 1313 1219 1389 dicto
1344 1313 1726 1420 piscopatu
1785 1310 2190 1387 abalienata
2250 1337 2339 1385 ex
2407 1333 2586 1385 casu
2626 1307 2742 1384 ha·

556 1421 952 1496 berentur:
1011 1418 1499 1524 Supplicans,
1558 1445 1695 1526 per
1737 1419 2080 1496 Nostram
2131 1415 2599 1493 Maiestatem
2642 1418 2745 1492 si-

553 1524 632 1600 bi
674 1551 760 1602 ac
799 1524 1001 1603 dicto
1059 1527 1586 1630 Episcopatui,
1641 1549 1736 1602 ne
1786 1522 2276 1603 subeuntibus
2322 1540 2743 1627 temporum
2855 1597 2856 1610 ,

554 1633 896 1722 circulis,
956 1631 1328 1739 praefatae
1400 1634 1770 1711 Ecclesiae
1830 1658 2006 1709 suae
2061 1650 2138 1710 et
2194 1646 2750 1735 consequenter
2855 1681 2856 1692 η

555 1737 1032 1845 Episcopatui
1082 1738 1415 1816 eiusdem
1478 1739 1889 1830 Ecclesiae,
1979 1740 2059 1815 in
2118 1739 2532 1842 praemissis
2598 1738 2745 1812 suis
2855 1775 2856 1780 ¹

557 1845 865 1922 Juribus
888 1851 1267 1952 contingat
1306 1845 1671 1939 vacillare,
1703 1864 1779 1923 vt
1812 1846 1907 1921 de
1942 1844 2275 1923 remedio
2299 1843 2745 1949 prouidere·

561 1977 725 2028 mus
765 1971 1218 2059 opportuno.
1310 1953 1468 2029 Nos
1495 1955 1804 2058 ¹itaque,
1862 1955 1984 2030 cui
2031 1955 2338 2028 interest
2378 1950 2746 2028 Ecclesia·

564 2086 733 2135 rum
773 2061 1186 2138 commodis
1233 2084 1674 2138 succurrere
1721 2062 2154 2165 oportunis,
2211 2059 2310 2135 ob
2364 2081 2575 2159 spem
2616 2082 2747 2163 po-

566 2165 923 2243 tissimum
967 2185 1042 2243 et
1097 2165 1577 2243 deuotionem
1630 2184 1992 2266 nostram,
2051 2187 2272 2273 quam
2317 2169 2650 2269 gerimus
2679 2179 2750 2242 ct

566 2269 920 2349 habemus
975 2272 1070 2348 ad
1119 2273 1619 2349 Beatissimum
1665 2271 2122 2351 Michaelem
2167 2272 2748 2377 Archangelum,

565 2384 643 2457 in
681 2385 892 2458 cuius
946 2384 1247 2457 nomine
1301 2377 1628 2481 glorioso
1675 2380 2054 2486 praedicta
2089 2379 2416 2456 Ecclesia
2473 2376 2749 2455 Atben·
2857 2433 2858 2436 η

567 2488 664 2565 sis
736 2487 1215 2564 Transiluana
1296 2488 1367 2563 di
1424 2493 1756 2565 noscitur
1817 2486 2041 2564 fuisse
2103 2503 2578 2580 constructa,
2659 2511 2751 2563 nc
2857 2511 2858 2546 l

428 2645 443 2654 -
565 2590 825 2670 eadem
861 2595 1177 2671 ecclesia
1225 2619 1318 2671 ex
1364 2514 1660 2672 §effectu
1706 2594 2259 2700 praedictorum
2297 2597 2750 2670 Instrumen-

567 2713 853 2784 torum‚
913 2727 1050 2806 per
1086 2701 1689 2778 calumniantium
1733 2718 1806 2775 et
1846 2700 2335 2805 litigiosorum
2371 2698 2749 2777 hominum
2857 2693 2858 2698 ’

565 2805 938 2895 incursus,
995 2808 1072 2880 in
1115 2807 1265 2882 suis
1299 2805 1604 2882 Juribus
1645 2825 1868 2909 queat
1908 2808 2352 2913 periclitari3
2410 2825 2570 2883 tum
2612 2831 2751 2912 pro

566 2935 706 2998 eo,
763 2928 922 2988 tum
961 2912 1185 2989 etiam
1215 2940 1310 2989 ex
1364 2929 1536 3005 co,
1620 2917 1734 2989 uia
1777 2942 1819 2989 a
1865 2916 2240 3020 plerisque
2285 2912 2642 2990 Praelatis
2681 2932 2755 2992 et

462 3045 469 3050 ⁵
560 3018 982 3095 Beronibus
1034 3021 1324 3096 Nostris
1378 2941 1765 3115 fldetllms,
1819 3040 1896 3098 et
1942 3020 2360 3127 specialiter
2402 3050 2441 3097 a
2501 3022 2752 3099 Reue-

563 3123 1005 3204 rendissimo
1048 3128 1123 3202 in
1168 3126 1464 3203 Christo
1511 3129 1767 3222 Patre,
1829 3129 2150 3204 Domino
2214 3128 2596 3205 Demetrio
2644 3167 2754 3185 -

563 3273 670 3294 ⁴-
724 3273 829 3289 --
882 3233 1302 3311 Presbitero
1361 3231 1796 3326 cardinale,
1853 3236 2376 3312 Gubernatore
2425 3233 2752 3312 Sanctae

563 3338 1088 3443 strigoniensis
1142 3341 1508 3416 Ecclesiae
1568 3341 1976 3446 perpetuo,
2038 3359 2115 3417 et
2169 3343 2401 3417 Aulae
2449 3357 2752 3418 nostrae

564 3446 1018 3523 cancellario·
1042 3505 1061 3536 ,
1118 3451 1249 3553 qui
1287 3447 1444 3522 sedi
1481 3449 1708 3551 ipsius
1745 3447 2121 3524 Ecclesiae
2164 3445 2499 3546 Albensis
2517 3451 2753 3524 Tran-

563 3551 914 3654 syluanae
975 3582 1111 3656 per
1172 3554 1422 3659 plures
1479 3581 1711 3630 annos
1763 3555 2211 3659 praefuisse,
2272 3571 2352 3629 et
2396 3581 2564 3630 eam
2605 3558 2753 3632 lau·

563 3657 907 3735 dabiliter
946 3664 1265 3738 tenuisse
1309 3675 1386 3735 et
1432 3660 1921 3761 gubernasse,
1982 3659 2468 3767 perhibetur,
2523 3665 2752 3754 clare,

563 3769 1156 3867 sufficienterque
1194 3794 1445 3844 sumus
1479 3767 1918 3847 informatae
1944 3826 1965 3852 ,
2026 3785 2103 3843 vt
2156 3795 2418 3844 omnes
2453 3772 2758 3873 Episco-

559 3873 641 3979 pi
682 3872 913 3978 ipsius
968 3874 1327 3949 Ecclesiae
1365 3900 1509 3978 pro
1567 3892 1905 3981 tempore
1957 3877 2382 3968 constituti,
2435 3879 2508 3951 in
2549 3879 2759 3981 paci·

561 3980 705 4056 fico
744 3980 1078 4058 dominio
1128 4000 1583 4056 memoratae
1631 3984 2105 4088 possessionis
2154 3973 2361 4058 Zilah
2433 3986 2764 4088 appella-

561 4105 719 4178 tae,
781 4117 822 4163 a
875 4086 1280 4194 longissimi
1337 4091 1694 4191 temporis
1744 4092 2042 4194 spacio,
2101 4103 2176 4165 et
2211 4117 2251 4163 a
2303 4105 2648 4195 tempore
2690 4112 2760 4168 et

560 4209 694 4299 pet·
746 4213 1078 4301 tempus,
1136 4195 1226 4268 de
1280 4195 1486 4267 cuius
1549 4198 1925 4272 contrario
1962 4201 2312 4271 memoria
2360 4197 2744 4272 hominum
