2875 4842
2038 422 2190 496 671
2250 476 2259 481 -

309 624 678 734 Eugenius
731 631 1140 735 Episcopus
1169 650 1445 708 seruus
1493 656 1883 709 seruorum
1914 633 2055 708 Dei
2098 631 2298 709 Dile-

106 754 246 813 cto
282 736 435 818 filio
472 739 724 815 Nobili
755 742 918 814 viro
953 737 1375 822 Friderico,
1411 738 1688 816 seniori
1710 740 1901 815 Duci
1922 740 2292 834 Austriae,

105 841 447 920 Salutem
479 865 555 922 et
583 846 1062 948 apostolicam
1097 843 1716 921 benedictionem.
1776 847 2088 921 Litteras
2123 864 2292 933 tuae

104 949 543 1027 Nobilitatis
608 953 857 1057 plenas
909 949 1143 1025 filialis
1199 950 1615 1027 deuotionis
1656 971 1729 1035 et
1762 951 1988 1050 fidei,
2049 951 2291 1027 liben-

106 1072 240 1131 ter
262 1058 587 1158 legimus,
632 1076 707 1134 et
751 1086 835 1133 ea
877 1082 1025 1161 que
1066 1056 1374 1133 dilectus
1406 1056 1601 1132 filius
1627 1060 1910 1161 Gaspar
1947 1056 2043 1134 de
2060 1059 2295 1133 'Prou-

102 1164 270 1250 vis,
322 1163 798 1242 decretorum
844 1164 1161 1254 doctor,
1217 1161 1524 1241 ecclesie
1560 1166 1969 1241 Basiliensis
2007 1166 2292 1260 Custos,

105 1271 417 1348 nomine
459 1288 589 1347 tuo
640 1272 967 1375 grauiter
1021 1290 1097 1347 et
1145 1268 1459 1347 facunde
1499 1270 1714 1350 nobis
1767 1273 2152 1375 exposuit,
2206 1269 2292 1346 li·

107 1373 407 1453 bentius
466 1378 899 1453 audiuimus.
970 1379 1120 1468 Qui
1171 1377 1374 1451 inter
1423 1380 1671 1452 cetera
1722 1377 1936 1454 nobis
1987 1402 2291 1453 enarra-2

111 1484 271 1573 uit‚
321 1483 638 1585 qualiter
675 1485 867 1561 celsa
902 1496 1026 1559 tua
1060 1482 1424 1559 Nobilitas
1472 1481 1958 1559 reformidans
2001 1484 2289 1587 pericu·

110 1588 187 1662 la
228 1607 305 1665 et
340 1591 718 1686 scandala,
771 1615 919 1695 que
958 1591 1038 1665 in
1088 1589 1235 1665 fide
1265 1588 1653 1667 christiana
1707 1609 1784 1667 et
1822 1588 1942 1666 dei
1983 1590 2289 1666 ecclesia

114 1695 398 1773 Basilee
445 1698 724 1774 exoriri
756 1713 1090 1802 possent,
1142 1713 1495 1801 tanquam
1527 1696 1923 1773 catholicus
1942 1699 2290 1801 Princeps

108 1800 360 1878 fretus
411 1804 755 1881 remediis
808 1805 1192 1907 oportunis
1240 1820 1316 1880 et
1368 1801 1883 1906 possibilibus,
1949 1806 2099 1898 eis,
2148 1802 2289 1911 qui

107 1908 396 1987 Basilee
446 1917 874 2017 congregati
922 1928 1134 2004 sunt,
1203 1907 1595 2012 significari
1642 1909 1933 1998 fecisti,
1972 1926 2069 1986 ·vt
2104 1935 2286 1987 con·

107 2012 522 2094 sidet-arent
558 2036 829 2124 quanta
875 2015 1160 2122 populo
1197 2014 1586 2094 christiano
1626 2033 1702 2091 et
1732 2014 2041 2092 ecclesie
2076 2016 2284 2119 peri-

108 2120 282 2196 cula
323 2124 841 2209 imminerent.
899 2125 1035 2199 nisi
1097 2124 1567 2226 abinceptis
1615 2120 2097 2215 desisterent3
2152 2147 2284 2199 eos

106 2229 488 2330 rogando,
547 2249 623 2305 vt
661 2229 885 2307 nichil
921 2248 1180 2316 contra
1230 2254 1370 2304 nos
1414 2246 1975 2333 attemptarent,
2027 2227 2158 2305 sed
2197 2254 2282 2303 ea

107 2336 408 2411 efficere
454 2338 727 2413 vellent
750 2394 773 2431 ,
827 2336 1088 2439 que-in
1125 2334 1268 2411 fide
1310 2353 1386 2412 et
1419 2336 1727 2412 ecclesia
1758 2335 2177 2411 scandalum
2207 2350 2285 2410 et

109 2438 504 2547 scissuram
539 2445 872 2545 paritura
904 2459 1356 2536 non-essent,
1395 2460 1476 2521 et
1510 2446 2038 2518 ecnseruarent
2072 2444 2284 2518 vnio-

110 2572 287 2621 ncm
334 2547 686 2644 ecclesie,
757 2567 869 2625 tot
921 2548 1304 2627 laboribus
1326 2604 1349 2642 ‚
1417 2549 1764 2654 periculis
1818 2566 1896 2623 ct
1938 2551 2286 2650 impensis

108 2651 192 2727 in
232 2653 628 2732 Germania
664 2658 1124 2761 acquisitam.
1212 2655 1728 2760 Significatum
1766 2673 1879 2731 est
1920 2656 2141 2732 etiam
2177 2655 2284 2730 eis

111 2777 245 2836 tuo
278 2768 617 2857 nomine,
669 2781 751 2840 vt
783 2764 923 2839 nisi
960 2764 1055 2838 ab
1096 2762 1413 2866 inceptis
1467 2760 1852 2856 desistant,
1907 2759 2111 2867 quod
2157 2780 2284 2838 tua

112 2863 477 2943 Nobilitas
528 2869 880 2977 disposita
936 2888 1044 2945 est
1077 2882 1460 2945 'reuocare
1502 2868 1786 2945 sal'uum
1835 2866 2286 2967 conductum

108 2971 639 3052 accedentibus
690 2995 768 3052 et
819 2976 1339 3053 recedentibus
1376 3002 1421 3048 a
1474 2975 1757 3051 Basilea
1797 3000 1935 3077 per
1971 2993 2048 3057 te
2104 2999 2283 3051 con·

112 3102 421 3156 cessum.
476 3081 640 3157 Hec
683 3101 771 3177 et„
800 3083 1059 3159 similia
1094 3083 1320 3160 verba
1340 3133 1363 3170 ,
1419 3097 1501 3156 vt
1534 3079 1734 3157 idem
1767 3084 2051 3186 Gaspar
2083 3098 2282 3157 retu-

112 3184 239 3277 lit,
294 3204 418 3263 tue
454 3184 867 3264 Nobilitatis
907 3191 1205 3264 nomine
1247 3186 1526 3263 Basilee
1569 3192 1900 3292 exposita
1941 3187 2281 3292 fuerunt,

109 3290 434 3394 quorum
468 3298 860 3372 sententias
892 3294 1246 3398 replicare
1267 3319 1808 3397 superuacuum
1850 3293 2075 3387 foret,'
2111 3317 2283 3369 cum

107 3395 255 3471 tibi
307 3401 680 3499 notissima
731 3406 895 3478 sint.
965 3404 1224 3502 Itaque
1272 3419 1344 3476 te
1384 3400 1788 3503 plurimum
1829 3404 1904 3474 in
1958 3402 2287 3495 Domino

104 3503 712 3585 commendamus
735 3563 758 3603 ‚
791 3524 889 3593 ¹et
924 3513 1116 3583 veris
1157 3506 1496 3582 laudibus
1530 3508 1949 3581 extollimus
1981 3523 2281 3612 agentes

105 3613 378 3712 gratias
425 3615 629 3710 Deo,
684 3616 817 3720 qui
860 3634 934 3692 te
987 3614 1367 3718 inspirauit
1417 3611 1511 3686 ad
1559 3611 2064 3690 defensionem
2113 3611 2283 3689 fidei

107 3734 189 3794 et
229 3720 537 3795 ecclesie
578 3748 708 3798 sue
761 3738 1032 3797 sancte.
1127 3720 1291 3796 Hec
1327 3723 1648 3823 primum
1686 3747 1730 3793 a
1768 3718 1970 3797 dicto
2007 3721 2279 3822 Gaspa-

106 3848 194 3898 re
231 3824 441 3902 latius
477 3846 555 3904 et
603 3826 899 3905 vberius
944 3826 1159 3903 nobis
1211 3842 1546 3904 enarrata
1588 3824 1909 3901 fuerunt.
1990 3825 2275 3900 Deinde

109 3926 265 4007 duo
308 3947 438 4008 tuo
487 3934 787 4010 nomine
823 3933 1043 4010 nobis
1078 3934 1557 4039 supplicauit‚
1615 3959 1932 4036 quorum
1964 3931 2279 4007 alterum

110 4035 464 4115 libenter·
494 4041 985 4118 concessimus
1038 4056 1112 4115 et
1143 4059 1285 4117 „tue
1342 4038 1818 4114 satisfecimus
1879 4036 2279 4132 voluntem

113 4167 344 4250 super
381 4144 663 4252 reliqua
699 4169 883 4224 vero
926 4147 1287 4250 petitione
1332 4163 1410 4221 et
1448 4147 1520 4220 in
1579 4145 1843 4221 ceteris
1882 4142 2104 4220 rebus
2140 4160 2277 4220 tu-
