2875 4842
2065 422 2214 493 585

132 627 259 730 gni
300 625 531 704 nostri
582 623 952 729 Hungarie
992 649 1276 708 corona
1307 654 1387 720 se
1425 624 1822 720 admodum
1869 639 2114 734 gratos
2147 628 2315 708 red·

6 795 11 798 .
137 732 530 823 didm-unt.
583 751 657 806 et
683 751 1066 838 acceptos,
1121 737 1307 812 etin
1346 739 1559 812 antea
1595 732 1745 832 ⁸hot:
1784 737 1979 814 idem
2033 763 2123 814 eo
2166 756 2314 815 stu·

132 839 414 916 diosius
469 842 671 940 ipsos
725 869 875 920 non
930 839 1325 918 hesitamus
1382 843 1599 920 nobis
1668 843 1855 936 velle
1899 841 2314 939 exhibere,

134 965 424 1050 quanto
464 949 637 1051 ipsis
674 976 807 1025 nos
841 944 1377 1025 reddiderimus
1412 937 1490 1024 in
1534 947 2015 1026 retribuendo
2072 978 2318 1054 prom·

134 1057 439 1162 ptiores.
499 1055 895 1160 Cupientes
927 1059 1172 1157 itaque
1220 1059 1766 1162 prnmissorum.
1807 1059 2075 1132 intuitu
2118 1060 2330 1162 ipsos-

130 1162 398 1265 regal'is
434 1162 966 1264 magnificentie
1007 1162 1452 1265 gratitudine
1491 1162 1578 1237 ad
1609 1190 1909 1266 presens
1931 1163 2033 1258 uti
2071 1165 2145 1238 in
2183 1190 2315 1268 po·

128 1287 410 1346 storum
449 1271 807 1373 promptis
839 1268 1216 1351 affectibus
1250 1269 1518 1373 largius
1549 1269 1996 1362 intendimus
2023 1269 2314 1347 fauora-

130 1374 382 1452 bilitm·
420 1376 790 1478 amplecti.
847 1376 1056 1450 Licet
1096 1374 1325 1452 multo
1372 1377 1654 1464 maiora
1705 1404 1750 1450 a
1795 1393 2046 1456 nostra
2101 1376 2312 1454 celsi*

132 1483 388 1560 tudine
429 1500 893 1558 mererentur
927 1481 1333 1575 enancisci,
1388 1500 1472 1558 ut
1517 1481 1625 1559 his
1666 1483 1838 1560 visis
1883 1510 2147 1559 eorum
2185 1512 2312 1588 po-

128 1591 308 1666 steri
346 1589 606 1662 similia
642 1588 1011 1666 fidelitatis
1048 1597 1276 1692 opera
1319 1591 1523 1691 regie
1558 1589 1984 1688 sublimitati
2012 1590 2311 1686 serven-‘-

126 1697 278 1774 tius
348 1693 693 1770 studeant
742 1687 1113 1771 exhibere.
1208 1696 1618 1796 Quamdat‘n
1694 1691 2260 1801 posssessiunem
2286 1749 2309 1794 ‚

125 1829 261 1879 seu
319 1820 586 1879 terram
641 1803 862 1878 Halaz
921 1801 1213 1878 aliunde
1285 1803 1745 1896 Halazteleke
1809 1822 2307 1906 nuncupatam

124 1907 674 1984 habitatoribus
713 1908 1127 1988 destitutam
1197 1912 1270 1985 in
1325 1909 1695 1990 Comitatu
1747 1907 1840 1984 de
1891 1910 2307 2005 Zaboweh‚

127 2015 334 2092 inter
387 2016 881 2118 possessiones
922 2044 1187 2095 eorum
1238 2015 1567 2093 Zab'oleh
1607 2030 1699 2112 ‚et
1756 2016 1966 2096 Balsa
2019 2036 2310 2094 vocatas

126 2124 592 2212 existentem.
667 2125 757 2200 In
809 2126 1020 2201 cuius
1066 2123 1395 2200 dominio
1446 2127 1955 2228 progenitores
2001 2148 2304 2201 eorum.

124 2248 212 2308 et
248 2228 557 2306 fratrum
607 2230 937 2330 ipsorum
979 2227 1618 2330 infrascriptorum
1659 2232 1756 2307 ab
1793 2231 1970 2307 olim
2006 2230 2308 2333 pacifice

129 2340 363 2443 persii
396 2336 657 2425 issent,
714 2333 966 2412 forent
1001 2362 1309 2439 quoque
1354 2353 1431 2410 et
1467 2336 1608 2440 ipsi
1647 2337 1740 2413 de
1789 2339 2134 2441 presenti.
2188 2336 2306 2414 Si·

129 2439 287 2522 mul
325 2471 494 2519 cum
537 2444 898 2520 vniuersie
927 2450 1074 2522 suis
1120 2442 1589 2536 utilitatibus,
1667 2464 1739 2522 et
1797 2443 2306 2547 pei-tineiitiiS‚

127 2553 359 2634 tera-is,
383 2568 640 2653 utputa
686 2548 1084 2628 arabilibus
1122 2549 1377 2641 cultis»,
1434 2566 1511 2625 et
1542 2550 1835 2624 incultis
1863 2603 1886 2641 ‚
1931 2550 2137 2646 ¹silvis
2181 2575 2306 2626 ne·
2383 2551 2391 2558 ’

124 2657 506 2747 moribus,
586 2660 841 2760 pratis,
912 2658 1206 2748 fenetis,
1261 2656 1514 2757 aquis,
1573 2654 2012 2761 paludibus,
2065 2682 2309 2759 aqua·-

129 2793 449 2867 rumque
487 2763 947 2841 decursibus.
997 2766 1083 2841 Et
1122 2763 1560 2868 generaliter
1595 2766 1876 2850 ¹cunetis
1915 2762 2308 2840 militatum
2375 2789 2382 2794 ’

123 2869 722 2976 integritatibus,
806 2873 1070 2977 quouis
1131 2871 1448 2946 nominis
1512 2869 1882 2947 vocabulo
1930 2861 2305 2965 vocitatis,

126 2978 270 3056 sub
328 2981 475 3053 suis
527 2980 717 3053 veris
772 2981 1022 3069 metis,
1096 2995 1172 3053 et
1228 2978 1545 3082 antiquis
1597 2976 1979 3064 limitibus,
2037 2973 2307 3080 quibus
2392 2991 2397 2998 ”

123 3107 428 3163 actenus
465 3086 606 3160 rite
641 3102 835 3162 tenta
875 3086 1049 3176 fuit,
1104 3102 1178 3160 et
1234 3110 1602 3186 possessa,
1661 3080 2002 3186 praefatis
2056 3083 2308 3158 Domi-

127 3222 230 3271 no
272 3187 656 3293 Stephano
696 3191 1060 3300 Episcopo
1095 3210 1171 3266 et
1199 3187 1539 3268 Ladislao
1578 3190 1783 3266 fratri
1821 3189 2197 3281 eiusdem,
2234 3207 2308 3265 et

122 3328 268 3405 per
311 3315 439 3373 eos
470 3295 847 3400 Stephano
891 3297 1045 3374 filio
1085 3295 1435 3372 Johannis
1478 3294 1607 3372 filii
1665 3296 1930 3402 prefati
1985 3295 2322 3388 Emerici,

122 3404 224 3482 de
282 3402 610 3511 predicta
669 3406 923 3508 Upor,
998 3430 1136 3480 nec
1172 3432 1325 3480 non
1360 3403 1566 3479 alteri
1609 3402 2037 3508 Stephano,
2092 3399 2308 3478 Ladi-

121 3515 280 3590 alao
308 3569 330 3607 ,
400 3528 479 3587 et
531 3512 748 3587 Petro
816 3510 973 3589 filiis
1006 3511 1265 3586 Jacobi
1309 3508 1486 3586 dicti
1526 3509 1582 3587 F
1585 3509 1804 3590 wlow
1845 3508 1940 3582 da
1978 3508 2309 3613 predicta

127 3613 434 3697 Zaboch
473 3636 547 3694 et
588 3617 938 3696 fratribus
978 3643 1237 3700 eorum
1285 3615 1740 3720 patruelibus
1765 3671 1786 3707 ‚
1856 3633 1932 3691 et
1973 3613 2309 3691 eondiui·
2431 3715 2440 3727 .

128 3723 548 3804 sionalibus.
601 3728 943 3828 Ipsorum
978 3724 1313 3817 Ladislai,
1349 3742 1421 3804 et
1444 3721 1828 3827 Stephani,
1867 3745 1955 3799 ac
1990 3719 2310 3800 filiorum

128 3834 312 3910 dicti
348 3831 612 3907 Jacobi
654 3828 1047 3928 heredibus
1076 3848 1151 3906 et
1190 3829 1746 3934 posteritatibus,
1775 3829 2138 3906 universis
2184 3828 2308 3903 de·

130 3966 284 4015 nuo
321 3956 395 4014 et
428 3965 520 4012 ex
564 3962 756 4013 nove
797 3954 1044 4011 nostre
1084 3934 1499 4012 donationis
1538 3934 1753 4014 titulo
1792 3934 2147 4018 dedimus,
2182 3933 2311 4007 do·

132 4045 508 4136 navimus,
564 4063 638 4120 et
677 4043 1163 4138 contulimus,
1216 4044 1369 4118 imo
1418 4068 1511 4118 ex
1547 4060 1752 4136 certa
1792 4059 2038 4132 nostra
2073 4042 2310 4114 seien-

131 4154 231 4231 tia
255 4177 340 4231 ac
357 4153 857 4230 praelatorum
881 4149 1339 4230 &Beronum
1361 4165 1786 4232 nostrorum
1808 4148 2192 4228 nobiscum
2213 4142 2305 4230 ad
