2875 4842
2016 461 2169 538 33⁷

25 675 30 680 ’
130 659 291 742 Nos
338 658 815 757 wicelinus,
872 660 1061 740 filius
1091 663 1443 746 Iohannis
1479 662 1577 740 de
1619 664 1877 746 Canisa
1914 667 2271 776 Magister

130 771 720 850 Thauernicorum
765 772 1165 873 regalium,
1220 772 1645 876 Comesque
1701 772 2073 853 Zaladien.
2117 775 2270 855 Ca-

130 876 452 955 striferrei
498 897 576 958 et
592 875 1034 981 Sopronien.
1069 877 1596 972 comitatuum,
1634 883 2039 959 memoriae
2071 908 2272 961 com·

130 986 558 1079 mendamuS,
660 983 928 1087 Quod,
999 985 1179 1087 quia
1258 982 1632 1066 Johannes
1682 986 2102 1066 Litteratus
2177 988 2273 1069 de

132 1089 483 1196 Chepregh
517 1091 932 1197 plebaniam
968 1119 1101 1169 seu
1148 1109 1603 1182 rectoratum
1640 1091 2014 1182 Ecclesiae
2044 1096 2269 1176 Paro·

130 1198 341 1276 chialis
377 1200 582 1278 Beati
629 1195 1005 1276 Michaelis
1042 1196 1614 1303 Archangeli'de
1653 1196 2079 1304 Supremo,
2130 1230 2275 1312 per

130 1324 412 1384 mortem
457 1307 525 1383 N
534 1306 752 1382 icolai
790 1304 1187 1382 presbiteri
1217 1323 1643 1398 vacantem,
1699 1319 1745 1384 a
1779 1309 2101 1386 Domina
2136 1336 2311 1392 uo··-

128 1429 249 1488 stra
290 1416 515 1490 Maria
567 1406 821 1517 regina
883 1412 1308 1515 Hungariae
1356 1411 1517 1490 ‚sibi
1567 1413 2130 1518 impetrauerat,
2194 1433 2276 1499 et

128 1541 242 1621 per
277 1519 750 1596 donationem
795 1518 1126 1616 eiusdem
1177 1521 1539 1598 Dominae
1579 1524 1917 1624 reginae,
1971 1521 2053 1600 in
2098 1549 2273 1600 ean·

128 1624 270 1702 dem
308 1627 718 1731 plebauiam
749 1627 1026 1704 intrare
1061 1624 1482 1722 nitebatur,
1537 1651 1764 1728 quem
1796 1625 2025 1729 ydem
2069 1631 2275 1708 ciues

126 1757 271 1812 non,
299 1735 889 1826 intromiserunt,
955 1730 1201 1810 eidem
1258 1730 1880 1828 contradicend0‚
1953 1739 2278 1816 ratione-

129 1865 250 1942 que
297 1837 718 1916 buiusmodi
774 1866 928 1915 non
982 1839 1578 1925 intromissionis,
1647 1840 2017 1944 praefatos
2073 1845 2276 1920 ciues

127 1947 501 2023 et‘Juratos
542 1945 817 2022 Eadem
860 1946 1170 2020 Domina
1206 1946 1464 2050 regina
1514 1948 1617 2044 in.
1631 1952 2113 2052 praesentiam
2158 1948 2277 2025 sui

126 2048 376 2158 fecerat
408 2053 764 2146 euocare.⁴
823 2050 917 2127 Et
957 2053 1129 2156 quia
1172 2050 1502 2155 praefata
1540 2054 1855 2132 Domina
1894 2051 2148 2158 regina
2194 2055 2272 2130 in

125 2160 454 2252 termino,
513 2186 668 2263 quo
710 2156 1006 2234 eosdem
1043 2158 1247 2232 ciues
1283 2184 1553 2235 vocare
1597 2158 1910 2254 fecerat,
1963 2161 2058 2236 ab
2102 2160 2277 2236 hine

124 2285 538 2361 recesserat,
596 2262 1046 2370 procedendi
1110 2286 1319 2338 more
1381 2282 1785 2359 consuete,
1840 2266 2010 2341 ideo
2067 2295 2277 2370 prae·

123 2375 510 2450 nominatus
570 2368 946 2446 Johannes
1004 2369 1366 2445 litteratus,
1420 2369 1517 2444 ab
1579 2397 1757 2465 vna,
1829 2389 2038 2475 parte
2091 2396 2275 2447 vero

123 2477 199 2552 ab
231 2481 451 2557 altera
512 2505 607 2552 ex
655 2477 1045 2579 praedssctis
1093 2474 1382 2552 ciuibus
1417 2473 1534 2552 ,de
1585 2474 1967 2580 Sopronio
2023 2505 2276 2576 coram

122 2585 311 2662 nobis
346 2586 844 2691 personaliter
878 2582 1303 2676 constituti,
1355 2581 1634 2659 litteras
1679 2585 2012 2686 ipsorum
2056 2584 2279 2662 liber-

125 2685 266 2767 tatis
326 2691 847 2770 exhibuerunt.
962 2693 1051 2764 In
1114 2689 1386 2791 quibus
1465 2689 1783 2768 vidimus
1856 2691 2274 2785 contineri,

123 2799 303 2899 quod
369 2800 515 2903 ipsi
584 2796 942 2901 eligendi,
1036 2793 1563 2889 conseruandi,
1654 2814 1727 2871 et
1799 2793 2297 2900 deponendi,.

121 2902 1055 3008 quemcunque.voluerint
1093 2900 1531 2995 plebanum,
1585 2903 1905 2982 babeant
1958 2892 2276 2981 faculta-

121 3027 270 3086 tem.
367 3012 663 3103 Quibus
705 3011 875 3085 visis
918 3024 995 3083 et
1040 3009 1411 3115 perceptis
1469 3028 1857 3087 annotatus
1901 3003 2279 3089 Jobannes

119 3115 450 3196 litteratus
515 3116 966 3223 praedictam
1017 3105 1431 3221 plebaniam
1472 3123 1612 3193 ‘seu
1651 3119 2103 3196 reatui-'atum
2136 3118 2277 3191 Ee-

121 3222 355 3304 clesiae
402 3224 1008 3328 praenominatae
1052 3247 1224 3298 cum
1282 3222 1628 3300 omnibus
1674 3221 1822 3299 suis
1863 3220 2146 3298 iuribus
2198 3239 2276 3300 et

119 3336 471 3435 perpetuis
515 3331 794 3407 remisit
830 3346 905 3404 et
939 3328 1336 3434 resignauit
1372 3353 1626 3405 coram
1662 3326 1907 3406 nobis,
1957 3326 2273 3406 Eosdem

122 3438 300 3515 ciues
352 3438 705 3542 pacificos
744 3453 821 3510 et
865 3438 1156 3537 quietos
1195 3435 1528 3537 permisit
1554 3434 1686 3512 hac
1726 3452 1958 3538 parte.
2050 3434 2270 3516 Assu-

120 3544 364 3619 mendo
413 3542 614 3622 idem
651 3542 1020 3619 Johannes
1056 3539 1495 3635 Litteratus‚
1549 3542 1781 3619 nostri
1822 3542 1896 3620 in
1939 3565 2275 3643 praesen-

120 3651 223 3743 tia,
276 3652 496 3756 quod
514 3650 1104 3755 praenominatos
1150 3649 1348 3726 ciues
1393 3665 1470 3723 et
1501 3645 1685 3730 alios
1728 3646 2300 3747 quoslibetRe·„

119 3773 334 3833 etot-es
381 3753 626 3834 diotae
686 3757 1053 3833 Ecclesiae
1119 3777 1587 3829 successores
1663 3780 2044 3856 nunquam
2112 3752 2269 3834 vllo

120 3879 432 3967 tempore
455 3865 921 3955 molestaret,
947 3888 1085 3939 nec
1113 3861 1327 3938 viuen
1338 3859 1532 3936 tibus
1555 3858 2055 3940 serenissimis
2072 3861 2272 3938 Prin-

119 3968 378 4072 cipibus
405 3971 751 4048 Dominis
807 3970 996 4073 Regi
1039 3984 1126 4044 ·et
1180 3967 1480 4070 reginae
1518 3967 1943 4072 Hungariae
2002 3968 2269 4070 queri-

122 4079 425 4156 moniam
477 4081 890 4182 porrigeret
944 4070 1357 4180 aliqualem.
1453 4074 1571 4154 Ad
1624 4073 1826 4179 quod
1890 4099 1968 4152 se
2013 4096 2269 4147 coram

121 4183 312 4264 nobis
376 4186 886 4290 promissione·
947 4199 1351 4289 spontanea
1420 4181 1772 4288 obligauit
1840 4178 2266 4260 testimonio
2314 4207 2319 4218 ·

211 4289 416 4369 Tom.
452 4296 548 4369 X.
592 4292 757 4369 Vol.
799 4292 999 4368 Vm.
1661 4321 1671 4336 =
1789 4293 1889 4362 22
