2875 4842
547 493 564 506 ,
722 424 874 502 346

610 651 747 715 tuo
776 632 1130 714 vamme
1175 631 1700 712 confirmemus
1750 633 2255 740 premisseque
2304 626 2594 709 sessioni
2623 651 2735 703 eo-

606 740 947 819 rumdem
1001 758 1335 819 nostrum
1393 745 1678 845 regium
1738 767 2185 820 consensum
2242 736 2622 842 prebemus
2676 750 2734 807 et

605 873 1003 945 assensum,
1042 849 1495 952 presentium
1530 850 1946 952 patrocinio
1984 845 2376 923 mediante.
2413 840 2621 920 Saluo
2636 841 2733 914 Ju-

600 977 688 1032 re
721 952 988 1032 alieno.
1017 956 1334 1030 Incuius
1366 956 1477 1030 rei
1497 958 1975 1048 memoriam,
1998 952 2564 1053 firmitatemque
2595 970 2731 1050 per·

600 1078 900 1165 petuam
939 1077 1318 1162 presentes
1369 1064 1867 1139 concessimus
1905 1059 2145 1138 eidem
2180 1058 2460 1135 litteras
2493 1069 2731 1130 nostras

600 1167 1090 1271 priuilegiales
1128 1164 1515 1270 pendentis
1543 1181 1621 1242 et
1651 1165 2054 1245 authentici
2082 1165 2300 1271 sigilli
2331 1160 2554 1240 nostri
2583 1158 2729 1263 dup-

599 1272 813 1377 plicis
846 1274 1255 1350 munimine
1285 1273 1698 1350 roboratas.
1773 1276 2046 1351 Datum
2085 1298 2225 1377 per
2268 1293 2523 1346 manus
2552 1290 2726 1340 reue·

596 1376 1008 1460 rendissimi
1042 1380 1119 1454 in
1153 1383 1310 1456 Xto
1347 1383 1615 1483 patris,
1669 1397 1745 1457 et
1785 1380 2066 1458 domini
2101 1378 2388 1455 domini
2422 1371 2726 1449 Johanuis
2840 1421 2841 1446 η

595 1482 1133 1588 archiepiscopi
1189 1487 1515 1566 Ecclesie
1559 1486 2011 1592 strigonien.
2073 1485 2381 1588 locique
2445 1476 2725 1558 eiusdem
2840 1473 2841 1486 ’

597 1592 902 1670 Comitis
942 1593 1335 1698 perpetui,
1393 1620 1482 1669 ac
1531 1593 1698 1670 aule
1748 1608 2041 1683 nostre,
2093 1609 2170 1668 et
2212 1593 2440 1694 ipsius
2484 1586 2723 1686 regins·

592 1697 687 1774 lis
727 1702 1180 1775 maiestatum
1221 1700 1471 1776 eximii
1499 1700 1959 1794 cancellarii,
2015 1696 2264 1774 dilecti
2302 1694 2533 1772 nostri
2570 1709 2636 1769 et
2662 1686 2724 1764 ἃ·

591 1800 799 1884 delis.
851 1803 1079 1880 Anno
1114 1807 1413 1908 Domini
1455 1804 1705 1885 M-mo
1729 1805 2101 1908 CCC-mo
2132 1800 2597 1907 nonagesimo
2623 1820 2721 1870 se·

591 1909 883 2004 cundo,
937 1928 1149 1988 sexto
1183 1907 1360 1989 'idus
1405 1913 1675 1990 mensis
1716 1914 1977 2014 Marcy
1996 1962 2020 2002 ,
2072 1910 2284 2015 regni
2319 1926 2560 2008 autem
2601 1927 2721 1978 uo·

590 2016 725 2092 stri
768 2043 964 2093 anno
1009 2021 1316 2118 quinto,
1372 2018 1652 2100 Vener.
1684 2021 1756 2095 in
1806 2022 1963 2095 Xto
2014 2016 2353 2121 patribus
2387 2033 2464 2091 et
2499 2007 2721 2089 Domi-

588 2123 703 2200 nis
749 2122 1145 2200 Valentino
1199 2124 1312 2201 tit.
1366 2142 1615 2203 sancte
1667 2121 1946 2202 Sabine
1994 2139 2458 2203 sacrosancte
2487 2122 2719 2196 Roma·

590 2253 689 2306 ne
740 2228 1046 2307 ecclesie
1116 2228 1531 2336 presbitero
1584 2232 1946 2310 cardinali
1968 2283 1994 2329 ,
2083 2248 2162 2308 ct
2208 2230 2407 2308 alme
2457 2223 2717 2304 ecclesie

506 2411 509 2415 ,
592 2333 793 2426 Quin
856 2338 1416 2416 ueecclesiensis
1453 2339 1953 2442 gubernatore
1977 2393 2001 2435 ‚
2053 2363 2141 2414 ac
2193 2335 2467 2414 eodem
2502 2331 2717 2410 Domi·

583 2467 688 2552 no
724 2444 819 2519 Jo
967 2471 1062 2521 ue
1108 2447 1336 2549 ipsius
1382 2448 1693 2523 ecclesie
1746 2445 2199 2550 strigonien.
2249 2442 2559 2519 Nicolao
2600 2441 2717 2514 Bu·
2842 2495 2843 2512 ,

583 2546 736 2625 hek
785 2549 1035 2629 electo
1093 2552 1528 2631 confirmato
1586 2551 1940 2629 Colocen.
1996 2549 2214 2627 Petro
2246 2548 2543 2626 Jadren.
2600 2544 2716 2619 An·
2842 2593 2845 2640 p

583 2651 764 2729 drea
806 2653 1200 2762 Spalsten„
1232 2676 1307 2736 et
1345 2659 1582 2737 altero
1626 2659 1928 2736 Andrea
1965 2658 2366 2759 Rugusien.
2405 2650 2717 2756 archiepi·
2842 2695 2843 2704 κ

579 2762 844 2865 scopis.
913 2761 1250 2841 Johanne
1309 2765 1613 2846 Wurad.
1680 2767 2057 2842 Demetrio
2101 2763 2579 2867 Transyluan.
2618 2761 2716 2833 Jo-
2842 2805 2843 2816 κ

579 2859 818 2942 banne
859 2869 1294 2971 Zagrabien.
1333 2871 1715 2978 Stephano
1757 2872 2024 2975 Cykou
2067 2870 2378 2973 Agrien.
2422 2863 2713 2944 Johanne

578 2971 903 3050 Boznen.
953 2975 1275 3054 Martino
1306 2978 1549 3058 electo
1601 2981 1996 3083 Wesprim.
2041 2976 2379 3053 Johanne
2431 2976 2708 3050 Jaurien.

575 3077 800 3159 Petro
843 3081 1221 3162 Wachien.
1270 3083 1600 3163 Johanne
1642 3083 1983 3162 Sirmien.
2031 3085 2400 3186 Gregorio
2438 3082 2707 3157 Nitrien.

574 3183 911 3265 «Iohanne
949 3189 1391 3270 Chanadien.
1429 3194 1849 3296 Grisogono
1886 3193 2321 3294 Tragurien.
2361 3188 2420 3261 F
2422 3188 2709 3266 ranciseo

487 3361 492 3366 ,
572 3291 1036 3371 Scan-donea.
1080 3296 1303 3373 Paulo
1350 3300 1787 3403 Tragurien.
1830 3297 2165 3373 Iohanne
2197 3291 2495 3371 Nouem
2542 3292 2711 3366 Mat·

572 3397 744 3477 theo
782 3397 1187 3479 Sibinicen.
1226 3405 1542 3482 Nicolao
1582 3403 2028 3482 Corbauien.
2062 3420 2140 3480 et
2182 3394 2516 3478 Johanne
2554 3395 2708 3472 Sen-

574 3509 768 3583 nien.
831 3509 1311 3588 ecclesiarum
1373 3513 1778 3618 episcopis,
1849 3510 2191 3587 ecclesias
2242 3507 2366 3582 dei
2432 3506 2709 3584 feliciter

571 3609 1172 3716 gubernantibus.
1267 3619 1427 3695 Nec
1489 3645 1641 3695 non
1699 3615 2095 3721 magnificis
2151 3616 2327 3688 viris
2365 3609 2705 3718 Stephano

569 3720 781 3822 regni
823 3724 1057 3798 nostri
1095 3725 1419 3801 Palatino
1459 3741 1598 3801 etc.
1640 3724 1903 3802 Judice
1943 3723 2478 3814 comanorum,
2528 3718 2705 3793 Eme·

485 3851 491 3856 ’
569 3825 731 3902 rico
771 3825 1035 3903 Bubek
1083 3829 1450 3931 wayuoda
1488 3830 1973 3909 Transiluano
2007 3847 2086 3907 et
2124 3828 2413 3904 Comite
2448 3824 2539 3902 de
2562 3819 2704 3898 Zol-

569 3932 761 4029 nuk,
834 3930 1124 4010 Comite
1177 3935 1514 4040 Johanne
1568 3935 1662 4014 de
1722 3935 2108 4041 Kapolya,
2180 3931 2448 4009 Iudice
2508 3925 2703 4007 Curio

569 4056 823 4116 nostro
845 4092 874 4129 ,
934 4039 1238 4121 Detrico
1286 4044 1625 4123 similiter
1667 4042 1929 4119 Bubek
1959 4045 2185 4119 totius
2228 4039 2440 4144 regni
2471 4035 2701 4111 stauo-

566 4148 727 4246 nie,
780 4143 1160 4254 Stephano
1200 4148 1296 4226 de
1343 4149 1721 4230 Lossunch
1759 4147 2231 4230 Machouien.
2280 4145 2582 4244 Zemere
2616 4133 2697 4212 de
