2875 4842
643 462 796 539 402

538 700 680 750 nos
703 696 1058 751 concessa
1099 696 1271 751 cum
1307 673 1722 750 munitione
1743 726 1766 766 ,
1820 687 1896 747 et
1935 672 2389 777 appensione
2424 686 2746 748 suorum

539 782 1035 884 gratiosorum
1072 778 1486 886 sigillorum
1530 778 1915 882 Regalium
1963 794 2049 853 ut
2101 792 2217 855 est:
2271 781 2506 854 moris
2573 781 2743 853 Re-

543 891 708 994 giae
744 889 1138 963 Maiestatis
1179 913 1353 964 cum
1395 886 1744 963 omnibus
1773 904 1851 962 et
1894 885 2194 987 singulis
2256 886 2607 960 clausulis
2660 904 2745 961 et

543 992 875 1098 capitulis
906 997 1338 1071 necessariis
1369 1011 1452 1070 et
1492 996 1880 1095 oportunis
1915 988 2356 1068 facientibus
2392 1020 2540 1096 pro
2582 992 2743 1067 for-

533 1101 977 1193 tificatione,
1012 1120 1090 1179 et
1129 1100 1742 1177 corroboratione
1780 1100 2108 1175 omnium
2146 1099 2737 1204 praedictorum,

540 1209 880 1312 quamvis
922 1212 994 1282 in
1051 1207 1559 1314 praesentibus
1607 1208 1867 1284 litteris
1915 1204 2013 1281 de
2076 1208 2184 1280 eis
2240 1234 2392 1284 non
2452 1202 2743 1282 faceret

538 1316 993 1391 mentionem
1035 1338 1483 1417 expressam.
1530 1315 1620 1389 Et
1654 1315 1966 1420 Insuper
2004 1313 2500 1417 promittimus
2524 1336 2743 1418 prae·

537 1425 847 1496 sentium
893 1422 1369 1515 testimonio,
1449 1420 2051 1524 praedictamque
2098 1420 2739 1496 Communitatem

542 1526 1084 1605 Sibinicensem
1122 1550 1670 1621 assecuramus,
1709 1525 1977 1632 quod
1956 1553 2030 1601 ιιι
2060 1529 2268 1604 nullo
2310 1552 2448 1602 nec
2491 1529 2571 1601 in
2612 1528 2741 1602 ali-

409 1714 410 1719 ,
537 1635 815 1737 quibus
877 1637 1396 1738 suprascriptis
1453 1583 1930 1726 excedemus,
1982 1634 2243 1733 sicque
2298 1635 2598 1723 omnia,
2658 1650 2741 1708 et

537 1743 819 1845 singula
852 1766 1076 1842 supra
1105 1760 1179 1818 et
1220 1737 1702 1845 Infrascripta
1738 1757 2103 1845 perpetuo
2146 1757 2483 1840 tempore
2512 1738 2737 1816 firma

540 1866 616 1925 et
653 1868 808 1924 rata
846 1848 1321 1942 habebimus,
1361 1866 1437 1924 et
1480 1872 1633 1922 non
1677 1850 1751 1923 iu
1794 1847 2045 1952 aliquo
2079 1848 2735 1924 contraveniemus

537 1957 695 2030 siue
737 1956 1087 2032 faciemus
1132 1954 1284 2031 ullo
1322 1955 1551 2030 modo
1581 1954 1719 2030 sub
1754 1955 2054 2030 vinculo
2109 1954 2517 2030 Juramenti
2572 1983 2738 2031 no-
2810 1976 2815 1981 ·

536 2062 669 2137 stri
709 2062 1107 2166 supradicti
1143 2065 1533 2166 Ipsosque
1570 2062 2069 2138 Sibinicenses
2112 2078 2409 2135 contra
2429 2064 2733 2163 quosli-

537 2168 668 2245 bet
716 2156 1243 2260 defendemus,
1319 2186 1397 2245 et
1450 2169 1886 2247 Juvabimus
1944 2192 2081 2272 per
2136 2195 2314 2261 nos,
2370 2185 2444 2242 et
2480 2168 2735 2273 ipsum

539 2274 926 2354 dominum
981 2295 1319 2352 nostrum
1370 2277 1741 2381 Regem‚·
1796 2291 2024 2378 atque
2085 2271 2494 2350 favebimus
2548 2277 2735 2352 totis

540 2383 807 2459 nostris
865 2384 1144 2459 viribus
1189 2400 1268 2459 et
1317 2404 1576 2485 posse,
1631 2385 1722 2457 Ῑιι
1769 2404 2091 2486 quorum
2134 2382 2463 2458 omnium
2501 2378 2735 2458 fidem

541 2490 1283 2583 corroborationem,
1339 2506 1415 2564 et
1452 2492 1958 2565 testimonium
2001 2490 2323 2564 veritatis
2363 2514 2733 2593 praesen-

541 2616 651 2673 tes
696 2614 976 2671 nostras
1020 2595 1515 2700 priuilegiales
1558 2594 1811 2673 literas
1846 2595 2030 2671 fieri
2045 2580 2422 2672 Iubximus
2461 2612 2540 2670 et
2576 2623 2726 2672 no-

538 2720 693 2778 stro
721 2703 961 2806 sigillo
998 2702 1356 2808 pendenti
1393 2706 1877 2797 communiri,
1918 2727 2003 2776 ac
2042 2702 2540 2779 corroborari.
2582 2705 2731 2778 Da-

539 2824 691 2884 tum
731 2810 994 2884 Cetine
1044 2808 1182 2883 sub
1219 2815 1462 2884 casti-o
1502 2809 1688 2912 Egin
1725 2810 1846 2885 die
1889 2812 2110 2886 tertio
2152 2810 2444 2885 decimo
2498 2837 2730 2885 men-

539 2916 636 2990 sis
675 2916 852 3015 May
890 2943 1083 2990 anno
1123 2915 1398 2991 domini
1453 2919 1690 2991 nostri
1725 2916 1957 3017 yehsu
2022 2916 2271 2992 christi
2321 2917 2725 2996 Millesimo

539 3021 1278 3127 quadringentesimo
1362 3020 1733 3118 secundo,
1847 3024 2176 3101 decimae
2265 3023 2723 3101 Indictionis-

541 3128 956 3205 Subiuncto
995 3157 1137 3232 pro
1175 3133 1509 3234 ipsorum
1550 3134 2080 3235 exponentium
2123 3148 2333 3234 parte
2369 3134 2445 3205 in
2479 3156 2729 3235 expo·
2846 3198 2851 3206 .

540 3239 802 3313 sitione
862 3239 1027 3313 Jam
1055 3235 1286 3328 dicta,
1344 3235 1549 3338 quod
1587 3240 1703 3310 vir
1743 3236 2175 3340 Magnificus
2222 3239 2534 3337 Loysius
2576 3240 2725 3333 ΑΙ·-ι

541 3344 994 3420 demat-iscus
1041 3343 1135 3417 de
1191 3344 1507 3446 Neapoli
1554 3344 1765 3417 miles
1823 3346 2067 3447 Regni
2128 3348 2359 3421 nostri
2415 3345 2724 3421 Siciliae

540 3450 1012 3528 Marescallus
1065 3470 1647 3550 nostrarumque
1704 3451 2104 3526 Galearum
2140 3450 2604 3552 capitaneus
2644 3466 2725 3531 et

388 3558 412 3603 Γ
536 3575 796 3633 noster
830 3559 903 3631 in
951 3559 1163 3633 dictis
1193 3556 1469 3662 Regnis
1505 3558 1969 3660 Hungariae‚
2010 3558 2452 3654 Dalmatiae,
2495 3559 2724 3639 Cro·-

538 3666 679 3737 tiae
712 3682 847 3738 etc.
906 3665 1241 3741 Vicarius
1283 3665 1744 3741 consiliarius
1782 3664 2116 3741 similiter
2162 3684 2237 3742 et
2278 3665 2513 3743 fidelis
2570 3692 2722 3743 no·-

531 3782 687 3845 ster
722 3769 1037 3847 dilectus
1082 3791 1324 3848 motus
1362 3766 2025 3877 supplicationibus
2067 3798 2211 3876 pro
2248 3775 2461 3877 parte'
2488 3775 2719 3852 dicto-

532 3902 698 3951 rum
750 3878 1353 3974 Communitatis,
1429 3892 1509 3953 et
1579 3881 1870 3955 Cinium
1928 3879 2070 3955 sibi
2130 3885 2537 3984 porrectis,
2596 3908 2717 3957 au·

532 3984 874 4060 ctoritate
906 3986 1243 4062 similiter
1277 3988 1665 4062 vicariatus
1699 3987 1975 4074 nostti,
2032 4014 2180 4088 qua
2228 3986 2711 4090 fungebatur,

529 4108 608 4167 et
644 4087 1041 4198 fungitur
1019 4121 1097 4168 ιιι
1142 4096 1417 4199 Regni:
1459 4092 1741 4170 eisdem
1785 4040 2292 4184 confirmavit,
2363 4114 2440 4173 et
2484 4122 2702 4173 acce·-

529 4203 766 4301 ptauit
798 4198 1385 4305 exponentibus
1366 4200 1547 4306 ipsis
1580 4204 1853 4299 omnia,
1886 4218 1962 4277 et
1994 4203 2278 4306 singtda
2314 4202 2703 4309 priuilegia
