2875 4842
296 1010 351 1080 wi

666 442 819 548 24'2

462 716 471 723 ·
559 684 738 761 litati
774 683 1001 787 igitur
1033 681 1345 759 Vestrae
1381 681 1597 761 firmo
1625 683 1834 784 regio
1865 681 2358 786 praecipimus
2391 678 2532 758 sub
2561 679 2746 758 edi-

557 810 722 886 cto,
779 807 1141 889 quatenus
1201 808 1526 867 vestrum
1571 790 1873 865 mittatis
1916 786 2291 864 hominem
2331 815 2476 894 pro
2519 791 2750 865 testi-

554 899 807 974 monio
878 892 1363 997 fidedignum3
1435 922 1592 998 quo
1653 914 2041 999 praesente
2098 894 2464 989 Ioannes,
2540 893 2747 985 filius

553 1005 759 1080 Pauli
814 1003 909 1078 de
962 1002 1267 1101 Zigeth,
1331 1003 1553 1078 homo
1603 1021 1857 1103 noster
1896 1002 1989 1076 de
2039 1002 2268 1079 domo
2305 1020 2556 1080 nostra
2617 1026 2742 1076 re·

454 1192 461 1199 ,
550 1112 693 1217 gali
735 1109 1149 1213 specialiter
1185 1110 1275 1183 ad
1317 1110 1461 1185 hoc
1496 1109 1991 1200 transmissus,
2046 1107 2144 1183 ad·
2185 1108 2409 1191 facies
2447 1108 2746 1212 praesa·

552 1236 792 1295 tarum
834 1216 1373 1318 possessionum
1412 1217 1766 1317 regalium
1812 1215 2338 1319 populosarum
2382 1215 2742 1291 videlicet

549 1344 623 1400 et
660 1319 1193 1397 habitatoribus
1234 1321 1790 1416 destitutarum,
1846 1321 2311 1425 aliarumque
2359 1338 2740 1397 terrarum

542 1428 645 1537 'ad
684 1426 979 1503 easdem
1017 1426 1114 1500 ab
1148 1432 1457 1530 antiquo
1499 1428 2030 1530 spectantium,
2082 1432 2341 1505 vicinis
2363 1446 2466 1507 *et
2509 1455 2734 1503 com-

442 1592 447 1599 ·
548 1535 903 1612 metaneis
961 1560 1216 1609 earum
1272 1534 1631 1610 vniuersis
1681 1535 2006 1640 legitime
2063 1535 2248 1610 inibi
2293 1536 2740 1612 conuocati·

549 1661 625 1720 et
686 1640 1193 1765 praesentibus
1239 1637 1710 1731 accedendo,
1783 1658 2051 1716 statuat
2108 1643 2297 1744 ipsas
2341 1669 2510 1717 cum
2570 1644 2740 1742 qui-

472 1794 483 1807 ·
547 1749 805 1825 busuis
860 1772 1109 1821 earum
1160 1746 1593 1845 vtilitatibus
1636 1766 1711 1822 et
1754 1750 2217 1851 pertinentiis
2253 1748 2737 1851 praetitulato

557 1842 875 1930 Domino
927 1850 1548 1954 Archiepiscopo,
1604 1872 1676 1928 et
1733 1881 1865 1956 per
1912 1883 2079 1930 eum
2120 1854 2735 1959 Archiepiscopa·

552 1960 651 2036 tui
694 1960 932 2033 dictae
971 1985 1144 2033 suae
1189 1961 1555 2037 Ecclesiae
1594 1959 2121 2063 strigoniensis
2159 1981 2522 2066 perpetuo
2553 1986 2738 2063 pos·

545 2063 922 2148 sidendas,
983 2063 1331 2140 tenendas
1374 2085 1451 2141 et
1479 2065 1892 2162 habendas,
1950 2072 2009 2145 si
2068 2096 2215 2144 non
2255 2069 2483 2144 fucrit
2533 2092 2735 2142 con-

551 2172 940 2249 tradictum
965 2226 985 2264 ,
1041 2172 1626 2248 contradictores
1663 2200 1840 2250 vero
1866 2232 1885 2268 ,
1925 2175 1986 2251 si
2021 2179 2149 2279 qui
2184 2174 2497 2268 fuerint,
2553 2176 2738 2251 citet

550 2284 745 2384 ipsos
790 2294 1051 2353 contra
1086 2294 1510 2353 annotatum
1558 2281 1959 2358 Dominum
2006 2284 2370 2358 Joannem
2423 2279 2737 2357 Archie·

552 2386 945 2491 piscopum
976 2383 1050 2455 in
1083 2401 1407 2460 nostram
1452 2390 1934 2489 praesentiam
1966 2389 2059 2464 ad
2092 2394 2485 2464 terminum
2526 2412 2735 2464 com·

551 2490 966 2598 petentem,
1023 2492 1382 2566 rationem
1443 2494 2044 2579 contradictionis
2098 2499 2430 2601 ipsorum
2491 2494 2737 2569 reddi·

554 2616 758 2675 turos
813 2601 1218 2685 efficacem,
1297 2615 1372 2674 et
1444 2599 1746 2701 posthac
1820 2602 2044 2705 ipsius
2121 2605 2740 2706 possessionariae

451 2793 458 2800 Ι
557 2703 976 2781 statutionis
1002 2704 1269 2782 seriem
1294 2728 1459 2778 cum
1486 2707 1909 2782 nominibus
1942 2712 2488 2812 possessionum
2525 2735 2738 2813 prae-

530 2810 920 2911 ·dictarum
948 2862 969 2899 ‚
1058 2809 1511 2911 aliarumque
1578 2830 1982 2906 terrarum,
2063 2816 2155 2890 ad
2223 2843 2344 2893 eas
2399 2814 2736 2920 legitime

559 2917 1092 3019 spectantium,
1150 2942 1288 2989 nec
1327 2938 1472 2990 non
1514 2922 1809 2994 nomina
1850 2924 2481 3000 contradictorum
2507 2942 2596 2998 et
2635 2928 2738 2999 ci·
2823 2922 2828 2927 ’
2873 2952 2875 2979 ¹

564 3040 880 3098 tutorum
909 3076 931 3115 ,
980 3020 1175 3124 siqui
1216 3022 1494 3097 fuerint
1518 3081 1537 3117 ‚
1594 3053 1764 3102 cum
1802 3030 2124 3106 termino
2164 3034 2523 3134 assignato
2547 3084 2568 3119 ‚
2608 3058 2738 3108 no-

536 3147 755 3207 strae
790 3126 1106 3203 fideliter
1158 3130 1573 3205 rescribatis
1613 3134 1993 3210 Maiestati.
2055 3138 2318 3213 Datum
2361 3138 2608 3212 Budae
2657 3140 2737 3211 in

565 3235 754 3312 festo
787 3231 1315 3337 conceptionis
1354 3234 1677 3342 Virginis
1714 3241 2092 3344 gloriosae.
2167 3246 2396 3321 Anno
2432 3244 2741 3322 Domini

570 3339 1333 3417 MCCCLXXXVIII.

654 3480 753 3541 Ex
787 3472 940 3558 ipsis
978 3482 1399 3558 originalibus
1438 3487 1782 3546 statutoriis
1819 3489 1877 3545 in
1916 3489 2185 3550 Archino
2221 3492 2561 3555 primatiali
2599 3500 2740 3558 exi·

763 3585 1089 3643 stantibus.
1166 3583 1595 3659 Sigismuntlus
1628 3590 1803 3662 proin
1839 3589 1978 3649 Rex
2015 3593 2368 3670 Hungariae
2403 3568 2606 3659 sactus
2637 3602 2734 3660 est

763 3688 893 3744 iure
941 3685 1428 3745 electionis:
1490 3688 1973 3760 quemadmodum
2018 3692 2283 3758 loannes
2331 3697 2406 3758 de
2450 3700 2737 3761 Kikelleu

764 3787 917 3865 apud
952 3791 1253 3848 Thurocz.
1286 3790 1397 3852 111.
1433 3806 1487 3848 c.
1522 3795 1625 3853 52.
1663 3794 1736 3855 de
1772 3801 1945 3857 exitu
1979 3801 2184 3861 Caroli
2216 3799 2521 3867 insinuat:
2567 3810 2734 3887 „Ta-

768 3893 810 3950 li
867 3894 1082 3965 paeto,
1116 3890 1197 3949 Νη
1245 3890 1381 3949 dum
1436 3895 1615 3971 virgo
1676 3896 1823 3971 (fllia
1868 3900 2445 3990 Ludouici·Maria)
2498 3914 2735 3972 nubiles

766 3992 1004 4052 veniret
1038 3989 1114 4048 ad
1145 4007 1365 4065 annos,
1411 3997 1654 4070 nuptias
1694 4002 1873 4058 simul
1912 4009 1973 4061 et
2010 4004 2082 4063 de
2117 4020 2341 4082 sponso
2379 4012 2616 4089 Regem
2645 4017 2736 4075 la-

773 4101 981 4172 ceret,
1029 4099 1452 4159 matrimoniali
1510 4104 1753 4166 foedere
1806 4111 2038 4168 irretita
2090 4117 2215 4174 est.
2291 4118 2735 4183 Vniuersis

772 4206 1005 4282 regni
1052 4206 1482 4267 nobilibus
1529 4211 1723 4271 haec
1767 4216 2127 4277 conditio
2172 4225 2505 4297 placuit.
2567 4229 2734 4293 Lite-
