2875 4842
530 520 538 525 ·
592 496 699 573 30

478 733 708 784 uenes
750 730 965 785 more
1008 710 1485 814 paganismo,
1536 728 1711 782 cum
1754 654 2077 785 orentius
2110 726 2186 784 et
2234 708 2512 814 sagittis
2562 707 2686 783 iu·

481 811 803 891 debn‘nt:
860 814 1061 892 vnde
1094 813 1349 919 Arpad
1394 806 1609 889 valde
1646 811 1881 892 laetus
1924 812 2162 893 factus
2198 819 2397 893 est.“
2467 813 2689 891 Idem
2845 856 2854 865 ·

482 944 645 1026 cap.
692 922 993 1000 XLV1.·
1026 924 1129 1019 2).
1172 919 1474 997 Adultis
1514 920 1758 1025 gladio
1800 921 2086 1025 incingi
2129 921 2408 1027 gloriae
2442 922 2688 997 maxi·

478 1054 643 1105 mae
700 1026 874 1108 fuit:
934 1028 1194 1119 „Hunt
1257 1045 1335 1105 et
1394 1026 1729 1123 Paznan,
1782 1029 1920 1131 qui
1978 1046 2317 1105 sanctum
2372 1022 2689 1134 Stepha-

479 1158 660 1213 num
705 1160 960 1240 regem
989 1190 1011 1229 ,
1038 1137 1141 1210 ‘in
1202 1133 1507 1211 flumine
1569 1135 1845 1210 Garam
1899 1130 2191 1237 gladio,
2249 1137 2689 1214 theotonice

477 1267 718 1338 more,
775 1245 1282 1319 accixerunt.“
1336 1240 1610 1316 Chron.
1635 1232 2016 1319 Thurotzii
2049 1266 2213 1346 cap.
2234 1243 2437 1320 XIII.
2463 1242 2690 1336 ,Rex

477 1368 728 1427 autem
764 1350 1015 1450 Geysa
1062 1352 1158 1426 Π.
1207 1348 1586 1426 accinctus
1629 1365 1740 1424 est
1782 1347 2067 1452 gladio,
2122 1367 2203 1426 et
2235 1350 2473 1451 gloria
2507 1350 2691 1425 Do-

478 1458 664 1533 mini
710 1460 1057 1563 apparuit
1089 1479 1318 1560 super
1361 1480 1589 1551 eum3
1646 1453 2304 1558 confortatumque
2360 1472 2477 1547 est
2525 1455 2692 1533 iui-

481 1589 578 1640 co
627 1591 764 1640 cor
815 1565 975 1639 eius
1027 1581 1103 1638 et
1159 1566 1316 1667 ipse
1372 1562 1756 1639 robustior
1806 1563 2085 1658 factus,
2143 1566 2388 1668 q'uam‘
2427 1563 2724 1667 priuos

485 1669 886 1747 exhilarata
944 1688 1055 1763 est
1115 1669 1340 1744 facies
1409 1668 1609 1763 eius,
1679 1686 1760 1745 et
1813 1685 2017 1746 totu·
2079 1670 2324 1747 alacer
2379 1670 2518 1747 init
2585 1666 2689 1745 ud

482 1779 917 1882 praelium.“
971 1777 1182 1853 Idem
1215 1802 1379 1879 cap.
1416 1775 1653 1851 LXV.
1712 1773 1794 1872 3)
1836 1776 2039 1851 Pacis
2075 1768 2418 1881 tempore
2465 1772 2686 1850 iden-

486 1881 715 1960 tidem
752 1883 1039 1960 lustrati
1080 1910 1218 1987 per
1262 1884 1508 1987 Duces
1550 1881 1764 1959 belli:
1797 1884 2068 1976 „Cum
2097 1881 2504 1975 Woiuoda,
2542 1880 2686 1957 Co-

483 2016 642 2071 mes
679 1992 773 2066 de
817 1985 1131 2066 Doboka
1182 1988 1611 2093 pet-uideret
1649 1991 2064 2067 exercitum
2098 2016 2317 2067 suum
2355 2007 2499 2067 etc.
2534 1989 2690 2063 Re·

485 2101 650 2199 gist.
693 2095 964 2172 Varad.
992 2091 1056 2194 ᾧ.
1080 2100 1283 2175 304.Ι
1335 2095 1440 2193 4).
1471 2097 1613 2173 Per
1653 2099 2065 2175 Praecones
2100 2095 2483 2174 interdum
2527 2091 2690 2197 gla-

488 2202 617 2280 dio
666 2204 891 2280 etiam
947 2220 1262 2279 cruento
1331 2202 1600 2298 exciti3
1678 2203 1811 2305 qui
1864 2230 2017 2279 uon
2065 2217 2688 2309 comparuerant,

486 2311 797 2415 capitis,
864 2336 957 2384 ac
1006 2309 1380 2385 honorum
1433 2310 1716 2385 iactura
1769 2307 2141 2387 mulctati:
2199 2313 2688 2411 „Antequam

488 2417 843 2519 baptizati
891 2416 1202 2493 fuissent
1246 2416 1576 2518 Hungari
1629 2435 1711 2493 et
1759 2416 2002 2495 effecti
2045 2413 2484 2507 Christiani,
2535 2412 2682 2490 sub

388 2616 393 2621 ‚
487 2527 614 2601 tali
661 2550 847 2603 voce
894 2550 1300 2626 praecones
1347 2524 1427 2598 in
1467 2526 1725 2600 castris
1777 2524 1874 2600 ad
1920 2527 2333 2601 exercitum
2372 2524 2690 2626 Hungu-

487 2658 614 2706 ros
653 2629 1117 2707 adunabunt:
1175 2628 1348 2704 Vox
1375 2631 1512 2704 Dei
1557 2649 1634 2706 et
1671 2629 1934 2736 populi
1978 2631 2417 2735 Hungarici,
2474 2624 2688 2732 quod

491 2737 610 2812 die
671 2737 797 2812 tali
850 2760 1039 2812 vnus
1088 2737 1412 2839 quisque
1461 2755 1783 2815 armatus
1826 2740 1901 2812 in
1956 2739 2080 2812 tali
2128 2736 2300 2813 loco
2351 2736 2689 2842 praeciso

490 2843 763 2921 debeat
823 2854 1305 2945 comparere,
1379 2845 1926 2921 communitatis
1965 2845 2402 2949 consilium,
2455 2868 2685 2949 prae-

488 2969 941 3055 ceptumque
981 2949 1385 3027 auditurus.
1442 2951 1895 3055 Quicunque
1926 2978 2112 3057 ergo
2147 2951 2471 3027 edictum
2506 2975 2691 3025 con-

488 3060 972 3161 tempsisset,
1009 3055 1506 3163 praetendere
1566 3080 1719 3132 non
1753 3078 1756 3081 ·
1787 3059 2036 3134 valens
2095 3060 2510 3151 rationem,
2563 3056 2692 3131 lex

492 3162 845 3262 Scythica
887 3160 1027 3269 per
1064 3162 1399 3241 medium
1434 3164 1678 3240 cultro
1713 3162 2136 3242 huiusmodi
2172 3161 2726 3267 detruncabat„

493 3274 612 3359 vel
659 3272 936 3377 exponi
970 3273 1047 3345 in
1086 3295 1341 3346 causas
1388 3270 1849 3375 desparatas,
1877 3290 2008 3348 aut
2042 3270 2338 3348 detrudi
2372 3272 2446 3346 in
2485 3295 2693 3346 com·

492 3402 796 3453 munem
867 3378 1377 3455 seruitutem.“
1456 3375 1718 3455 Simon
1772 3376 1868 3453 de
1924 3378 2128 3453 Keza
2186 3377 2235 3451 1.
2294 3402 2361 3453 c.
2421 3406 2497 3483 p.
2563 3381 2694 3451 17.

494 3478 730 3579 „Mox
766 3483 1208 3590 duppiicatis
1239 3480 1525 3560 viribus
1573 3488 1811 3561 coacti
1853 3484 1990 3560 alia
2029 3480 2172 3562 sub
2203 3483 2692 3590 expeditione

496 3594 1012 3694 comparere.“
1048 3587 1223 3667 vide
1259 3590 1686 3695 Diplomata
1719 3592 2006 3670 Croatis
2046 3619 2132 3667 ac
2163 3590 2531 3668 Slauoniis
2570 3590 2697 3666 da·

492 3717 590 3775 ta.
677 3698 1006 3803 Vrgente
1062 3700 1500 3776 necessitate
1556 3724 2008 3777 concurrere
2057 3699 2472 3776 detrectans
2503 3723 2695 3803 poo-

489 3809 848 3882 sessiones
909 3803 1424 3897 haereditarias
1477 3808 1757 3883 amisit:
1811 3806 1909 3883 cf.
1956 3808 2335 3884 Codicem.
2397 3804 2501 3902 5).
2548 3807 2698 3909 Ag-

490 3912 814 3991 minibus
852 3910 1265 4015 dispositis,
1320 3914 1647 3991 Numine
1683 3912 1942 3990 diuino
1986 3915 2376 4009 inuocato,
2428 3910 2695 3989 adhor-

491 4023 768 4094 tatione
826 4019 1225 4124 praemissa
1266 4074 1289 4110 ,
1380 4022 1571 4096 atrio
1643 4017 1830 4095 belli
1900 4023 1968 4095 in
2023 4022 2261 4095 solum
2321 4019 2694 4095 hosticum

494 4134 966 4232 transposito,
1021 4125 1389 4231 praelium
1427 4143 1806 4231 apertum:
1867 4126 2261 4230 „Cumque
2307 4124 2696 4203 Ladislaus

495 4259 577 4311 se
614 4251 984 4329 armaret,
1037 4238 1113 4311 in
1146 4250 1418 4311 terram
1467 4258 1549 4311 se
1588 4235 2035 4339 prostrauit.
2090 4252 2167 4312 et
2199 4234 2691 4337 omnipoten-
