2875 4842
2013 481 2172 570 14⁹„

140 679 283 760 ralia
308 684 780 759 instrumenta
817 682 1095 760 factum
1127 704 1490 762 metarum
1532 684 1913 762 cuiusdam
1974 710 2278 792 posses·-

140 790 326 865 sionis
372 789 559 865 dicte
616 807 748 866 'sue
784 791 1099 870 ecclesie
1146 792 1490 870 woskuth
1545 812 1840 874 vocate.
1900 795 2274 896 tangentia

140 893 213 968 ab
260 898 402 997 ipso
450 900 835 974 casualiter
889 897 1272 1001 deperdita
1322 899 1574 975 forent
1627 917 1849 1000 atque
1925 901 2271 994 alienata,

141 1028 417 1103 quorum
450 1005 592 1078 alia
626 1006 827 1108 paria
855 1007 927 1079 in
967 1021 1206 1096 vestra
1248 1009 1574 1094 sacristia
1620 1033 1751 1081 seu
1797 1024 2288 1082 conseruato«

139 1112 225 1214 rio
257 1110 564 1190 Ecclesie
598 1128 888 1188 vestrae
912 1138 1120 1198 more
1140 1110 1358 1187 solito
1402 1115 1730 1216 reposita
1768 1109 2272 1220 haberentur,

141 1240 256 1314 que
287 1242 483 1290 nune
510 1244 656 1320 pro
706 1218 1027 1292 tuicione
1076 1218 1365 1293 Jurium
1424 1245 1729 1293 suorum
1774 1219 2079 1294 nimium
2134 1215 2276 1291 ha-

139 1319 441 1397 berentur
482 1327 935 1412 necessaria,
993 1324 1244 1429 Super
1287 1351 1442 1427 quo
1475 1324 1802 1401 fidelitati
1851 1344 2089 1401 vestre
2130 1323 2276 1400 fir-

140 1429 318 1501 miter
369 1430 844 1521 mandamus,
920 1450 1282 1529 quatenus
1357 1431 1693 1534 predicta
1764 1434 1965 1534 paria
2021 1429 2264 1526 dicto·

60 1553 64 1558 ·
140 1557 278 1606 rum
382 1535 813 1614 litteralium
931 1538 1595 1638 instrumentorum
1721 1540 1798 1612 in
1908 1536 2285 1612 antedicta

138 1654 338 1713 vestra
408 1646 738 1718 sacristia
830 1665 958 1720 seu
1061 1645 1662 1720 conseruatorio·
1719 1642 2028 1719 ecclesie
2133 1666 2279 1718 ve-

141 1762 258 1819 stre
288 1744 675 1851 diligenter
711 1753 989 1853 requiri
1032 1769 1106 1825 et
1150 1751 1557 1826 reinueniri
1591 1749 1911 1835 faciatis,
1970 1750 2272 1851 requisi»

140 1863 490 1957 torumque
531 1873 615 1932 et
643 1857 1207 1933 reinuentorum
1242 1874 1576 1938 tenorem
1599 1911 1621 1950 ,
1679 1862 1736 1942 si
1774 1854 2049 1932 factum
2106 1883 2271 1931 me·-

141 1971 333 2034 tarum
390 1959 594 2038 dicte
652 1966 1126 2066 possessionis
1176 1963 1516 2040 -waskuth
1597 1982 1900 2039 vocatae
1966 1979 2290 2066 tangere-

139 2069 573 2165 agnoueritis,
630 2088 905 2146 extunc
942 2070 1017 2156 in
1063 2070 1510 2166 transcripto
1557 2070 1940 2148 literarum
1981 2088 2270 2143 vestra*
2386 2081 2392 2086 ’

136 2196 267 2245 rum
292 2173 526 2249 eidem
563 2174 1011 2269 concedatis,
1039 2171 1135 2250 ad
1174 2176 1575 2271 cautelam;
1623 2193 1964 2252 canentes
1997 2193 2284 2272 tamen*

54 2371 61 2388 ᾗ
136 2301 207 2349 ne
242 2276 424 2354 fraus
464 2283 588 2358 vel
623 2279 832 2359 dolus
864 2283 1310 2360 interueniat
1347 2284 1423 2356 in
1463 2279 1597 2359 hac
1637 2301 1843 2387 parte
1889 2280 2222 2385 aliqualis
2241 2297 2284 2376 ',.

140 2381 297 2457 aliud
327 2413 472 2461 non
516 2388 805 2475 facturi.
865 2391 1133 2465 Datum
1174 2387 1429 2463 Budae
1473 2385 1655 2464 feria
1688 2386 2273 2491 tertiaproxima

54 2547 55 2578 Υ
138 2508 270 2589 post
299 2491 565 2569 festum
597 2495 1044 2570 ascensionis
1096 2492 1378 2569 domini
1416 2522 1614 2570 anno
1662 2490 2270 2569 eiusdem'M-mo

54 2587 55 2598 ’
139 2594 427 2675 CCC-mo
499 2601 952 2684 LXXX—mo
1012 2621 1307 2704 quarto·
1390 2602 1545 2677 Nos
1602 2605 1855 2705 itaque
1914 2596 2271 2675 mandatis

138 2698 319 2803 ipsius
357 2703 663 2785 domine
699 2725 954 2786 nostre
987 2711 1237 2812 regine
1270 2709 1347 2782 in
1385 2707 1728 2786 omnibus
1765 2707 2076 2782 obedire
2122 2731 2272 2781 cu-

136 2807 418 2907 pientes,
474 2833 559 2891 vt
592 2827 977 2909 tenemur,
1033 2811 1464 2913 quodddam
1514 2842 1651 2918 par
1698 2812 2071 2918 priuilegii
2124 2839 2271 2887 no-

135 2915 237 2988 stri
281 2943 516 3022 super·
564 2923 1033 3024 possessione
1098 2921 1460 2997 Waskuth
1516 2938 1822 3015 vocata,
1892 2922 1969 2994 in
2020 2935 2280 3016 nostra

137 3014 434 3102 sacristia
473 3054 609 3103 seu
647 3029 1213 3112 conseruatorio
1260 3026 1574 3102 ecclesie
1625 3043 1876 3104 nostre
1937 3022 2282 3130 predicte

137 3124 487 3233 diligenter
523 3134 811 3235 requiri
855 3152 937 3210 et
958 3133 1368 3218 reinueniri
1400 3132 1812 3208 feceramus
1837 3184 1864 3220 ‚
1921 3132 2128 3205 cuius
2166 3146 2274 3203 te·

137 3255 248 3308 nor
303 3265 434 3340 per
496 3242 748 3330 o'mnia
813 3241 877 3316 is
942 3255 1088 3326 est:
1164 3237 1728 3342 Capitulum
1790 3235 2274 3313 Budensis
2359 3249 2374 3264 ‘

139 3341 450 3440 ecclesie,
506 3347 851 3424 omuibus
884 3343 1150 3421 Christi
1192 3344 1568 3440 fidelibus,
1627 3370 1924 3447 presens
1963 3345 2276 3438 sriptum

139 3442 546 3550 inspecturis
563 3451 894 3548 Salutem
937 3456 1012 3528 in
1037 3451 1343 3530 domino
1377 3453 1928 3555 sempiternam.
1969 3446 2088 3523 Ad
2113 3446 2273 3519 vni·

141 3576 493 3640 uersurum
514 3576 663 3638 tam
682 3561 1158 3663 presencium
1194 3584 1419 3659 quam
1469 3558 1889 3633 futurorum
1921 3555 2271 3634 noticiam

143 3653 356 3739 harum
414 3668 606 3742 serie
663 3665 1007 3742 volumus
1061 3667 1510 3768 peruenire,
1588 3660 1793 3765 quod
1856 3661 2288 3768 Stephanus

144 3760 294 3844 filius
333 3769 616 3848 Nicolai
656 3771 752 3846 de
793 3771 1153 3850 Waskuth
1187 3772 1279 3847 ab
1325 3798 1462 3844 vna
1513 3786 1586 3842 et
1640 3768 1989 3872 Magister
2039 3767 2275 3842 Nico-

146 3863 268 3948 laus
296 3877 629 3979 specialis
667 3880 999 3958 notarius
1037 3873 1339 3952 domine
1382 3876 1640 3976 regine
1678 3894 1883 3978 parte
1919 3875 2014 3950 ab
2051 3871 2294 3947 altera.

150 3999 354 4060 coram
389 3984 604 4061 nobis
649 3982 1076 4078 constituti,
1129 3983 1328 4058 idem
1358 3978 1774 4085 Stephanus
1803 3981 1994 4057 filius
2038 3978 2101 4055 N
2112 3982 2282 4053 ico-

152 4074 261 4180 lai,
301 4086 480 4166 dixit
522 4109 598 4170 et
631 4109 739 4180 est
767 4087 1146 4168 confessus
1180 4090 1349 4168 yiua
1392 4116 1617 4173 voce.
1677 4088 1877 4192 quod
1921 4090 2078 4193 ipse
2110 4108 2281 4189 parr-

152 4186 843 4288 ssmlamcuiusdam
885 4197 1362 4302 possessionis
1407 4194 1908 4297 Kyshatwand
1974 4206 2302 4292 vocat-e„
