2875 4842
599 429 754 510 390

467 635 793 749 'cunque
826 639 1235 735 Nobilium,
1280 666 1409 717 seu
1449 638 1746 717 alterius
1778 642 2225 726 conditionis
2257 638 2692 735 hominum,

489 754 809 830 decimas
849 779 888 826 a
933 748 1262 840 Domino
1323 749 1695 851 Episcopo
1753 765 1830 824 et
1886 747 2229 855 Capitulo
2259 777 2464 833 suo,
2543 750 2691 825 vel

495 859 787 936 Archi·
821 858 1161 938 Diaconis
1215 849 1510 960 quartas
1581 854 1982 932 decimales
2055 860 2386 962 ipsorum
2422 914 2446 951 ,
2546 857 2711 932 ve!

489 983 926 1067 quartarum
982 962 1302 1052 decimas
1354 989 1397 1036 a
1458 962 1779 1038 Domino
1859 961 2233 1069 Episcopo
2301 983 2370 1042 et
2434 962 2694 1068 Capi-

486 1073 646 1150 tulo
683 1099 862 1165 suo,
917 1067 1035 1148 vel
1073 1066 1632 1145 Archidiaconis
1674 1089 1971 1170 quartas
2011 1070 2405 1148 decimales
2455 1073 2695 1170 ipso-

439 1217 456 1230 =
487 1207 698 1271 rum,
749 1179 870 1254 vel
901 1194 1331 1285 quartarum
1377 1175 1619 1250 literas
1656 1175 2094 1254 eorumdem
2142 1179 2437 1253 Domini
2478 1179 2701 1281 Epi-

486 1286 700 1391 scopi
721 1342 747 1377 ‚
820 1283 1134 1389 Capituli
1202 1300 1278 1357 et
1329 1278 2095 1376 Archidiaconorum,
2166 1281 2288 1382 vel
2361 1311 2697 1359 suormn

494 1390 1076 1472 Procuratorum
1093 1444 1119 1479 ‚
1177 1387 1268 1464 ad
1306 1384 1449 1464 boc
1494 1387 1909 1493 specialiter
1944 1390 2498 1493 deputatorum,
2545 1419 2697 1494 po-

485 1514 823 1580 testatem
866 1493 1164 1582 locandi
1208 1489 1686 1586 habentium,
1739 1521 1871 1574 seu
1914 1497 2255 1573 cedulam
2306 1500 2693 1600 recogni-

463 1594 709 1686 'tionis
747 1630 979 1709 super
1029 1603 1185 1706 ipsa
1232 1593 1595 1680 locatione
1628 1600 1768 1678 sub
1804 1603 2049 1707 sigillo
2089 1605 2426 1709 ipsorum
2459 1605 2692 1679 reci-

485 1736 669 1818 pem
703 1728 1132 1804 teneantur,
1185 1724 1267 1784 vt
1313 1704 1409 1782 de
1447 1706 1603 1811 ipsa
1639 1707 2010 1792 locatione
2039 1712 2142 1787 eis
2180 1707 2417 1805 facta,
2470 1709 2690 1786 edo—

490 1842 666 1894 cere
705 1818 1024 1920 possint,
1080 1833 1154 1891 et
1195 1809 1540 1919 probare.
1614 1813 2067 1920 Quicunque
2102 1835 2352 1894 autem
2394 1813 2486 1891 de
2518 1844 2689 1894 oc·-

488 1923 887 2024 cupatione
942 1937 1022 1998 et
1056 1920 1527 2024 vsurpatione
1567 1915 2026 1998 decimarum
2077 1923 2194 2001 vel
2238 1941 2693 2027 quartarum

488 2031 975 2134 imposterum
1037 2029 1581 2132 inculparetur,
1655 2046 1732 2108 et
1788 2057 1932 2135 per
1980 2031 2224 2108 literas
2284 2032 2693 2106 locationis

489 2136 610 2216 vel
664 2133 952 2212 chartas
986 2135 1324 2240 sigillatas
1363 2132 1636 2213 docere
1672 2153 1747 2212 et
1779 2135 2103 2241 probare
2150 2165 2302 2213 non
2338 2156 2689 2241 possent.

365 2253 370 2258 ’
487 2245 671 2321 tales
725 2235 1214 2347 occupatores
1275 2267 1408 2318 seu
1459 2261 1972 2348 vsurpatores‚
2028 2246 2105 2319 in
2153 2240 2350 2320 facto
2396 2263 2689 2345 poten·-

493 2354 640 2426 tiae
674 2351 1213 2426 conuincantur
1244 2374 1356 2422 eow
1381 2347 1577 2425 facto
1599 2401 1622 2441 ‚
1676 2370 1753 2428 et
1786 2377 1923 2453 per
1965 2354 2362 2428 Dominum
2400 2338 2689 2426 Vaiho-

463 2455 659 2536 ·dam
682 2509 705 2548 ,
760 2455 878 2531 vel
922 2457 1110 2532 ‘Vice
1140 2454 1557 2533 Vaiuodam
1608 2484 1749 2561 pro
1808 2475 2144 2561 tempore
2188 2461 2689 2570 constitutos,

267 2557 288 2582 ''
337 2543 350 2664 J
488 2589 733 2669 poena
773 2565 1146 2666 potentiae
1181 2563 1455 2644 merito
1489 2562 1930 2666 puniantur,
1986 2562 2192 2640 nullo
2245 2567 2353 2642 eis
2398 2561 2688 2641 auxilio

323 2673 332 2680 ’
420 2729 424 2735 .
493 2669 972 2772 suffragante,
1025 2696 1167 2745 nec
1194 2666 1487 2746 friuolis
1527 2669 2044 2747 occasionibus
2068 2674 2691 2775 praetensionum

490 2777 786 2852 valeant
830 2776 1245 2880 aliqualiter
1281 2778 1639 2852 excusari.
1696 2775 1775 2852 Si
1810 2781 1944 2879 qui
1979 2801 2166 2854 vero
2206 2778 2518 2855 Nobiles
2558 2781 2689 2854 vel

493 2879 632 2962 alii:-
655 2878 1150 2960 conductores
1194 2881 1651 2962 decimarum
1704 2880 1821 2958 vel
1864 2901 2294 2983 quartarum
2334 2885 2689 2961 decima-

469 2988 721 3078 liam,
777 2991 852 3064 in
897 2989 1231 3065 terminis
1286 2992 1697 3081 consuetis,
1755 2991 1830 3063 in
1883 2989 2119 3066 literis
2173 2991 2685 3085 locationum,

469 3096 604 3182 eis
639 3094 733 3172 ad
772 3095 1212 3182 soluendum
1250 3095 1642 3200 deputatiS,
1680 3100 1868 3200 ipsas
1905 3097 2245 3194 decimas,
2279 3126 2408 3196 seu
2454 3125 2687 3204 quar·

493 3220 604 3282 tas
672 3202 1265 3288 Decimamribus
1337 3203 1765 3301 persoluere
1827 3224 2294 3299 recusarent,
2365 3222 2445 3283 et
2494 3224 2685 3282 tune

492 3305 860 3388 Dominus
915 3307 1253 3388 Vaiuoda
1302 3308 1422 3414 vel
1473 3333 1645 3386 suus
1702 3307 2076 3392 Vaiuoda‚
2130 3339 2269 3416 pro
2325 3330 2680 3417 tempore

493 3415 924 3510 constituti,
975 3414 1069 3491 de
1105 3440 1390 3493 summa
1425 3418 1831 3520 pecuniae,
1886 3419 1965 3491 in
2017 3416 2248 3495 literis
2287 3419 2684 3497 locationis

492 3544 879 3624 expressa,
936 3521 1028 3597 ad
1073 3522 1633 3624 requisitionem
1676 3522 2265 3623 decimanorum,
2319 3551 2452 3601 seu
2490 3523 2681 3602 Pro·

493 3644 925 3705 curatorum
953 3620 1545 3731 praedictorum,
1600 3621 2171 3707 satisfactionem
2207 3630 2679 3736 impendere,

378 3807 388 3832 2
492 3759 662 3809 cum
727 3733 1040 3812 iudicio-2
1063 3739 1284 3811 trium
1356 3757 1807 3830 marcarum,
1894 3763 2122 3842 supet·
2182 3730 2683 3844 possessiones

397 3883 402 3888 -
491 3866 641 3913 non
677 3833 1120 3916 soluentium
1155 3839 1726 3952 extorquendo,
1786 3841 2149 3921 deberent
2191 3864 2269 3923 et
2321 3862 2679 3922 teneren-

490 3964 615 4020 tur
670 3944 953 4049 absque
989 3949 1309 4051 strepitu
1354 3945 1630 4026 Judicii
1676 3967 1754 4025 et
1803 3948 2247 4054 litigionario
2305 3977 2676 4055 processu

485 4051 822 4154 aliquali,
877 4069 1108 4158 prout
1158 4058 1509 4156 premissa
1568 4059 1817 4133 omnia
1861 4055 2167 4133 Nobiles
2224 4061 2437 4164 regni
2489 4085 2673 4135 con·

482 4158 825 4240 formiter
867 4177 944 4242 et
972 4161 1416 4242 vnanimiter
1453 4181 1871 4244 statuerunt
1904 4182 1983 4243 et
2008 4166 2510 4246 decreuerunt
2542 4163 2673 4242 fir-
