2875 4842
2099 342 2250 411 619

151 575 315 653 pro
355 549 688 653 qualibet
726 551 943 629 missa
986 548 1491 654 pet-soluendo
1513 604 1535 642 ,
1589 549 1652 625 si
1700 574 1879 639 vero
1923 547 2163 651 aliqui
2188 577 2352 654 pre·

153 654 452 760 scripte
481 657 844 735 societatis
879 684 965 735 su
1020 685 1102 732 ra
1133 654 1583 761 descriptam
1638 654 1982 733 draconis
2034 658 2344 758 effigiem

152 786 303 836 seu
333 765 615 865 signum
649 754 902 867 aliquo
947 685 1071 838 die
1110 786 1249 887 per
1284 764 1736 839 obliuionem
1780 764 1980 845 ferre
2011 762 2345 863 neglexe-

153 869 362 960 rint,
394 873 725 946 similiter
759 871 1090 975 quinque
1129 874 1382 947 missas
1416 868 1781 947 celebrari
1823 867 2069 945 facere
2106 884 2344 945 tenea-

156 991 339 1098 tur,
389 992 530 1081 pro
570 982 1136 1082 compat-acione
1182 978 1573 1054 cuiuslibet
1610 978 1824 1051 Misse
1848 993 2188 1079 quatuor
2217 974 2345 1052 de-

154 1084 418 1159 narios
445 1082 890 1177 soluturus,
943 1082 1072 1157 vbi
1130 1101 1390 1165 autem
1434 1082 1853 1172 infirmitate
1907 1081 2173 1184 aliquis
2221 1083 2340 1161 vel

156 1189 639 1293 captiuitate,
677 1193 944 1268 timore
974 1214 1106 1268 seu
1145 1209 1434 1269 terrore
1465 1189 1793 1295 legitimo
1827 1190 2341 1294 preueniente,

160 1298 615 1421 premissum
650 1299 1016 1375 societatis
1053 1299 1337 1399 signum
1376 1300 1799 1421 quisquam
1803 1299 2177 1385 sociorum
2200 1297 2340 1374 fer

158 1428 256 1479 re
298 1408 760 1509 nequiuerit,
815 1405 1018 1485 nullo
1058 1431 1149 1480 cx
1205 1404 1347 1480 hoc
1394 1406 1839 1509 grauaminis
1882 1430 2143 1481 onere
2176 1407 2338 1479 affi-

158 1510 426 1586 ciatur.
483 1511 674 1588 Casu
711 1537 891 1587 vero
934 1535 1393 1635 quocunque
1434 1510 1757 1615 aliquem
1798 1511 2172 1617 sociorum
2199 1508 2349 1585 hu·.

158 1617 488 1693 iusmodi
536 1619 824 1721 signum
865 1618 1263 1720 contigerit
1299 1617 1753 1723 deperdere,
1826 1635 1902 1693 et
1934 1618 2331 1709 amittere,

160 1739 446 1800 extunc
499 1724 818 1818 tamdiu,
891 1724 1132 1801 donec
1179 1724 1594 1802 huiusmodi
1653 1728 1934 1829 signum
1987 1748 2377 1829 reparare·

160 1828 416 1906 facere
468 1832 787 1954 poterit,
841 1855 981 1936 pro
1020 1858 1169 1907 non
1209 1834 1659 1935 portacione
1682 1829 2006 1911 eiusdem
2065 1856 2373 1935 ἔναυε-η

163 1960 342 2011 men
378 1964 529 2013 non
554 1941 876 2014 incurrat
909 1936 1252 2043 aliquale.
1312 1939 1621 2025 Verum
1637 1939 2004 2015 carissime
2039 1963 2338 2013 consan-

163 2045 482 2144 guinee,
538 2062 764 2148 atque
790 2045 1058 2136 stater,
1114 2046 1286 2145 quia
1319 2071 1660 2124 successu
1683 2047 2048 2150 temopris
2102 2069 2335 2145 vsquc

163 2148 316 2226 huc
342 2147 482 2225 hec
520 2154 827 2227 societas
865 2151 1211 2253 singulari
1249 2151 1564 2276 quad-am
1593 2152 1824 2256 gloria
1875 2148 2071 2256 apud
2112 2150 2336 2227 chri-

165 2258 439 2333 stianos
478 2258 723 2360 Reges
764 2258 1163 2380 plurimos„
1219 2259 1637 2364 principes,
1690 2258 2054 2349 Comites,
2109 2274 2185 2333 et
2225 2256 2332 2331 fa·

168 2390 413 2441 mosos
442 2363 796 2459 Nobiles,
851 2366 980 2467 qui
1015 2360 1326 2443 eandem
1355 2392 1640 2442 summa
1683 2366 2099 2440 tenerentia
2137 2362 2333 2439 defe-

166 2487 381 2562 runt,
436 2488 514 2545 et
551 2470 871 2566 honore,
925 2489 1125 2547 tanta
1152 2471 1593 2548 redaccione
1633 2466 2015 2562 refloruit,
2070 2487 2146 2544 et
2193 2493 2369 2574 per-

169 2574 287 2651 dei
322 2578 646 2680 graciam
690 2577 957 2653 cotidie
988 2580 1181 2654 sicut
1230 2580 1477 2680 planta
1523 2578 1901 2654 fructifera
1946 2525 2332 2667 dilatatur,

167 2710 317 2781 non
353 2709 733 2786 possumus
772 2685 1131 2790 preterire
1153 2740 1174 2778 ‚
1231 2688 1408 2789 quin
1451 2701 1764 2765 vestram
1799 2683 2330 2789 fraternitatem

168 2792 649 2886 carissimam,
684 2819 907 2905 quam
944 2816 1261 2867 amamus
1293 2818 1766 2918 summopere
1792 2847 1815 2886 ,
1852 2817 2074 2894 quam
2112 2778 2330 2865 etiam

166 2894 521 2973 illustrem
568 2895 930 2974 Sororem
959 2917 1284 2999 nostram
1322 2899 1770 2976 carissimam
1804 2900 2167 2998 Magnam.
2182 2896 2330 2971 Du·

168 3005 469 3099 cissam,
524 3003 1049 3082 Conthoralem
1084 3023 1400 3083 vestram
1440 3006 2018 3095 dilectissimam,
2073 3000 2167 3077 ad
2196 3000 2331 3075 illi·

168 3135 252 3185 us
279 3113 646 3189 societatis
678 3130 926 3188 cetum
966 3110 1368 3189 affeccione
1405 3110 1697 3189 feruida
1737 3111 2149 3186 inuitemus.
2206 3107 2326 3182 Id·

167 3216 371 3291 circo
409 3222 657 3294 animo
702 3215 1151 3308 deliberato,
1205 3245 1381 3296 sane
1423 3222 1964 3295 communicato
2005 3218 2349 3293 societa-.

167 3325 256 3398 tis
289 3341 540 3399 nostre
580 3327 887 3401 consilio
917 3324 1009 3427 ad
1049 3321 1342 3402 laudem
1380 3343 1456 3401 et
1486 3323 1798 3427 gloriam
1838 3323 1960 3399 dei
2008 3319 2324 3415 excelsi,

166 3443 243 3502 et
285 3426 646 3508 honorem
689 3422 1008 3509 vestrum
1043 3433 1528 3535 precipuum,
1579 3431 1851 3507 amoris
1877 3448 1977 3505 ct
2008 3429 2328 3505 caritatis
2404 3471 2412 3479 -

165 3534 452 3629 affectu,
487 3565 720 3648 quos
697 3538 787 3612 ad
809 3557 1117 3613 vestram
1146 3539 1681 3615 fraternitatem
1699 3538 1936 3614 nouit.
1929 3534 2331 3611 altissimus
2448 3626 2453 3635 α

167 3642 450 3718 sincere
476 3650 860 3767 gerimus,
933 3644 1328 3721 feruenter
1360 3638 1699 3768 permoti
1771 3642 2030 3719 Eidem
2093 3656 2332 3719 vestre

169 3748 226 3822 F
226 3751 679 3844 ratermtati
736 3768 808 3825 et
844 3749 1128 3854 prefate
1161 3751 1528 3827 carissime
1571 3749 1832 3826 Soror-i
1867 3763 2117 3826 nostre
2156 3748 2326 3823 Ma·

168 3880 303 3955 gne
341 3856 694 3933 Ducisse
678 3884 906 3961 ipsam
931 3855 1389 3932 Societatem
1421 3875 1740 3934 nostram
1777 3871 1985 3934 motu
2019 3853 2330 3957 proprio

168 3960 501 4037 duximus
539 3962 1212 4058 transmittendam,
1256 3982 1334 4038 vt
1363 3979 1442 4038 et
1471 3990 1604 4040 vos
1643 3981 1893 4039 noster
1923 3979 1998 4038 et
2038 3986 2174 4035 nos
2207 3983 2326 4033 ve·

168 4084 308 4145 ster
357 4069 578 4149 simtu
639 4075 789 4146 veri
831 4070 1094 4146 fratres
1144 4087 1219 4145 et
1275 4072 1458 4151 socii
1511 4067 1983 4161 consodales,
2041 4089 2325 4165 nosque
