2875 4842
691 469 846 544 204

581 679 1070 758 mediantibus
1108 676 1371 763 litteris
1409 682 1638 788 ipsius
1684 680 1990 761 Domini
2026 676 2346 758 Palatini
2381 674 2773 756 sufficiati-

580 788 724 865 bus
779 790 1129 865 convinci
1163 831 1265 859 -.-
1306 833 1408 847 -
1447 782 1948 894 permittendo
2006 786 2387 866 Postulans
2438 784 2756 893 prefatus

579 894 928 972 Nicolaus
994 893 1183 997 filius
1242 899 1593 1001 Gregory
1655 912 2099 1002 procurator
2167 895 2502 997 ipsorum
2561 892 2757 967 fitio-

581 1030 751 1077 rum
812 1002 1102 1079 Nicolai
1152 1003 1444 1080 ‘eisdem
1500 1031 1593 1077 ex
1640 1016 1852 1108 parte
1900 1001 2350 1104 prefatarum
2406 998 2772 1075 nobilium

578 1106 1068 1185 Dominarum
1104 1110 1304 1186 Juris
1334 1106 1736 1213 equitatem
1776 1137 1915 1213 per
1955 1109 2196 1213 ipsum
2233 1102 2616 1182 Nicolaum
2645 1105 2768 1179 Pa·

524 1212 887 1293 .‘latinum
929 1217 1343 1321 impertiri„
1378 1217 1471 1292 Et
1501 1216 1678 1323 quia·
1722 1204 2410 1320 prelibat'e'nobiles
2450 1208 2778 1289 Domine-

550 1320 893 1399 ‘consors
937 1320 1133 1397 Petri
1170 1323 1298 1426 fity
1340 1322 1694 1399 Johannis
1726 1320 1819 1399 de
1852 1316 2056 1399 Deed
2078 1377 2097 1413 ,
2157 1334 2245 1396 ac
2281 1320 2540 1396 relicta
2573 1318 2778 1396 Tho-

583 1454 705 1507 me
745 1427 879 1530 fily
910 1430 1112 1507 Petri
1149 1429 1241 1505 de
1280 1428 1553 1525 Sauul,
1609 1422 1752 1505 nec
1796 1440 1948 1504 'non
1996 1426 2254 1504 relicta
2286 1424 2641 1502 Jobannis
2675 1422 2768 1499 fi·

576 1534 664 1635 ly
704 1532 1103 1613 Petbus‘ad
1147 1540 1497 1651 premissa
1541 1539 1614 1612 in
1661 1536 1898 1614 tribus
1941 1530 2120 1635 foris
2161 1535 2760 1638 comprovincia-

454 1708 458 1712 .
580 1641 773 1719 libus
826 1640 1349 1749 proclamande
1389 1642 1556 1719 fore
1599 1645 1763 1749 Jise
1822 1636 2148 1719 fuissent.
2209 1638 2377 1718 Pro
2433 1650 2527 1717 eo
2568 1641 2756 1717 idem

580 1742 939 1827 Palatinus
973 1750 1364 1829 amicitiam
1405 1750 1584 1827 dieti
1628 1750 2051 1828 Conventus
2094 1745 2601 1853 Symegiensis
2637 1747 2759 1824 lit-

554 1858 933 1933 ‘teratorie
972 1859 1346 1961 petivisset
1366 1848 1799 1962 diligenter}
1843 1856 2203 1982 quatenus
2225 1854 2558 1961 ipsorum
2597 1852 2772 1929 mit-—

552 1966 773 2039 ‘teret
804 1959 1178 2039 bominem
1208 1993 1350 2070 pro
1387 1956 1815 2043 testimonib
1851 1954 2346 2067 hdedignum,
2405 1987 2560 2065 quo
2599 1986 2757 2064 pre·

579 2086 789 2145 sente
834 2067 1058 2146 bomo
1119 2112 1222 2126 —-
1258 2113 1363 2126 --
1398 2098 1576 2147 suus
1631 2070 1823 2146 infra
1856 2064 2344 2159 declarandus
2389 2093 2757 2144 memora·

577 2193 683 2252 tas
715 2175 1009 2253 nobiles
1039 2175 1372 2256 dominas
1408 2166 1833 2255 consortem
1853 2164 2078 2279 pen-y
2112 2174 2246 2281 fity.
2268 2174 2628 2251 Johannis
2667 2170 2770 2247 de

578 2282 831 2379 Deed,
885 2311 971 2359 ac
1029 2287 1357 2363 relictam
1403 2282 1697 2359 Thome
1752 2281 1880 2384 fily
1929 2282 2137 2357 Petri
2184 2282 2278 2357 de
2335 2280 2560 2356 Sauul
2623 2306 2770 2356 nec·

554 2396 725 2465 ‘non
770 2388 1106 2466 relictam
1140 2388 1492 2468 Jobannis
1521 2390 1650 2497 fity
1688 2389 1946 2469 Petbus
1978 2389 2072 2465 de
2107 2388 2433 2464 G'unthel
2468 2391 2542 2461 in
2585 2414 2768 2489 pre·

574 2498 811 2573 missis
848 2498 1379 2577 discussionem
1410 2494 1908 2607 ‘recepturas‚'
1947 2522 2034 2571 ac
2077 2493 2170 2571 de
2204 2496 2419 2572 dictis
2452 2492 2774 2595 Judicys.

576 2622 877 2679 centum
917 2621 992 2680 et
1025 2607 1484 2710 septuaginta
1529 2602 1747 2680 unius
1795 2630 2207 2679 marcarum
2251 2598 2756 2678 satisfacturas.

573 2727 833 2786 contra
888 2731 1277 2789 annotatos
1327 2708 1756 2815 magistrum
1813 2706 2111 2785 Petr'um
2163 2706 2620 2803 Johannem,
2690 2724 2762 2782 et

566 2810 878 2893 Paulum
918 2812 1106 2892 lilios
1150 2814 1444 2893 Nicolai
1485 2816 1576 2891 ad
1637 2802 2044 2921 quindenas
2095 2814 2258 2891 festi
2295 2814 2755 2920 Epiphaniae

518 2960 521 2965 ·
568 2934 742 2998 'rum
776 2921 1063 2999 domini
1102 2940 1282 3000 tunc
1319 2926 1620 3023 venturi,
1652 2925 1727 2998 in
1769 2922 2006 2999 tribus
2044 2921 2225 3000 foris
2261 2926 2762 3046 comprovin-

571 3028 881 3106 cialibus
988 3022 1278 3124 ublice,
1337 3050 1413 3106 et
1455 3020 1837 3107 manife'ste
1871 3035 1942 3105 in
1978 3030 2202 3133 ipsius
2244 3030 2552 3105 Palatini
2575 3054 2752 3134 ‘pre-

571 3138 877 3214 sentiam
927 3060 1204 3214 Σισενεῑ
1256 3138 1696 3245 proclamari
1746 3135 2198 3214 Insinuando
2235 3135 2520 3213 ibidem*
2574 3154 2658 3211 ut
2689 3136 2754 3209 si

573 3247 954 3337 venirent,
1008 3262 1084 3317 et
1149 3244 1224 3320 in
1276 3248 1647 3350 premissis
1706 3242 2238 3321 discussionem
2287 3244 2754 3347 reciperent,

570 3379 659 3427 ac
706 3351 800 3429 de
841 3346 1048 3426 dictis
1082 3348 1389 3453 Judicys
1424 3353 1931 3430 satisfacerent
1968 3348 2156 3427 bene
2211 3348 2524 3455 quidem
2561 3349 2754 3424 alio·-

579 3460 760 3561 quin
818 3484 966 3533 non
1026 3456 1369 3537 obstante
1428 3459 1756 3566 ipsarum
1814 3457 2142 3535 absentia
2198 3476 2275 3533 et
2340 3456 2751 3561 rebellione

574 3565 773 3639 idem
808 3563 1175 3641 Palatinus
1202 3562 1421 3641 finem
1460 3562 1786 3643 debitum
1824 3569 2247 3671 imponeret
2279 3562 2354 3638 in
2379 3563 2760 3669 premissis

571 3666 935 3746 dilacione
979 3668 1266 3779 absque
1317 3677 1542 3750 omni.
1621 3675 1713 3747 Et
1771 3675 2073 3778 postbec
2119 3670 2351 3772 ipsius
2393 3670 2590 3747 trine
2641 3671 2753 3747 fo-

569 3778 804 3853 rensis
850 3778 1443 3880 proclamationis
1478 3786 1739 3858 seriem
1780 3807 1947 3859 cum
1986 3776 2416 3855 nominibus
2451 3779 2752 3884 procla-

568 3901 931 3960 matarum
982 3882 1072 3956 ad
1111 3885 1400 3962 easdem
1455 3886 1752 3993 quidem
1807 3891 1942 3993 ipsi
1982 3884 2303 3965 Palatino
2338 3885 2749 3961 amicabili-

570 3974 688 4067 ter
733 3985 1170 4066 rescriberet
1231 3992 1658 4072 Conventus
1713 3986 2233 4098 Symegyensi's
2288 4009 2742 4097 prenotatus.

566 4098 637 4172 A
678 4094 950 4203 quibus
1000 4094 1300 4202 quidem
1342 4103 1733 4199 quindenis
1772 4103 1941 4177 festi
1992 4094 2561 4206 Epiphaniarum
2612 4098 2742 4173 do-

568 4204 753 4279 mini
785 4204 960 4279 dum
1011 4203 1371 4280 discussio
1417 4213 1939 4312 premissorum
1984 4225 2226 4314 partes
2254 4207 2450 4284 inter
2485 4204 2741 4314 predi-
