2875 4842
2058 424 2217 497 613·

27 619 32 625 ’
109 647 486 706 oretenus
517 628 929 734 specialiter
971 630 1362 741 commissa
1396 625 1891 725 comittimus,
1947 648 2310 733 quatenus

119 734 235 812 de
275 733 524 813 medio
582 736 927 813 Vestrum
986 736 1179 813 duos
1227 738 1789 840 principaliores
1824 735 1875 808 J
1879 753 2127 815 uratos
2176 742 2311 815 Ci-

116 869 267 920 ves
308 844 698 945 eligentes,
754 841 1058 918 eosdem
1095 846 1170 918 in
1224 843 1624 919 Ciuitatem
1668 844 2086 921 Budensem
2130 845 2316 920 abs-
2438 901 2447 907 -

117 975 288 1055 que
356 950 748 1025 renitentia
819 948 1151 1051 qualibet
1205 968 1282 1026 et
1364 948 1945 1039 dissimulatione
2021 952 2319 1053 aliquali

122 1060 714 1149 transmittatis,·
752 1074 833 1132 ut
892 1056 1125 1131 iidem
1178 1083 1321 1130 una
1369 1083 1542 1131 oum
1607 1057 1910 1131 aliarum
1974 1058 2319 1137 videlicet

128 1163 467 1257 Buden.,
544 1162 1043 1263 Tyrnauien.,
1125 1161 1702 1265 Soproniensis,.
1770 1163 2182 1241 Cassovien.
2242 1185 2320 1244 et

121 1267 675 1373 Albaregalien.
732 1264 1127 1372 Regalium
1192 1268 1591 1345 Civitatu'm
1639 1271 1911 1351 Juratis
1968 1271 2317 1366 Civibus,

124 1376 407 1481 quibus
471 1403 701 1479 super
749 1402 888 1471 eo,
942 1376 1210 1451 similes
1252 1374 1540 1452 Literas
1593 1394 1887 1453 nostras
1929 1383 2318 1455 transmisi-

121 1492 336 1579 mu's,
391 1483 678 1558 Octavo
734 1482 858 1583 die
905 1481 1072 1558 sesti
1128 1482 1703 1586 Epiphaniar'um
1764 1485 2062 1558 Domini
2100 1478 2309 1590 p'rox.

125 1590 461 1666 affuturo
516 1590 592 1663 in
646 1589 906 1667 eadem
960 1588 1274 1663 Civitate
1333 1587 1657 1664 Budensi
1708 1591 2128 1686 constituti,
2184 1617 2317 1667 eo·

127 1695 310 1772 dem
353 1713 429 1772 et
486 1696 646 1770 aliis
700 1694 796 1772 ad
856 1696 998 1770 hoe
1053 1696 1241 1799 aptis
1288 1695 1552 1771 diebus
1601 1720 1820 1794 saepe
1877 1700 2314 1775 nominator.

125 1801 711 1898 antedictarum,
785 1819 863 1880 et
912 1803 1283 1905 signanter
1331 1798 1723 1878 Providor.
1774 1801 2127 1906 Stephani
2166 1806 2320 1896 Ro,
2362 1866 2371 1879 .

124 1909 655 2014 hamspnrger,
704 1961 711 1975 ·
753 1911 1279 2013 sociorumque
1346 1910 1613 2012 ipsius,
1691 1925 1767 1983 et
1833 1907 2160 1984 Com-adi
2239 1913 2315 1985 in

135 2017 364 2092 Weid
404 2016 498 2091 de
551 2015 797 2091 Insula
836 2016 1198 2111 Danubii,
1251 2040 1340 2091 ae
1405 2014 1684 2091 Urbani
1718 2011 2012 2090 Civium
2048 2017 2314 2094 Civita-

126 2125 225 2200 tis
257 2123 874 2215 Leuehoviensis,
929 2146 1070 2197 nee
1102 2149 1252 2197 non
1302 2119 1694 2197 Falbrecht
1718 2121 2020 2197 Comitis
2063 2124 2314 2199 Urbu·

126 2258 277 2307 rar.
314 2228 698 2333 Regalium
724 2232 802 2303 in
837 2230 1063 2304 vestri
1105 2230 1523 2331 praesentia
1560 2226 2112 2333 querulantium
2131 2231 2313 2306 Cau-

123 2362 288 2430 sas,
345 2337 935 2442 propositiones,
986 2337 1544 2448 responsiones,
1598 2333 2107 2436 allegationes,
2144 2363 2317 2439 pro-

129 2442 508 2538 bationes,
580 2443 1068 2535 documenta,
1138 2466 1555 2544 eorumque
1608 2440 1927 2516 Litteras
1991 2466 2080 2516 ae
2129 2445 2312 2519 Jura

129 2577 390 2627 eoram
445 2550 663 2627 vobis
729 2547 1285 2654 producendas,
1358 2548 1779 2639 audientes,
1851 2565 2311 2625 assumentes

69 2672 82 2680 “
127 2676 207 2735 et
271 2660 880 2762 conspicientes,=
912 2655 1455 2761 diligenterque
1507 2660 1959 2731 ruminantes
2015 2672 2093 2733 et
2138 2680 2314 2732 exa-

125 2766 532 2861 minantes,
585 2766 981 2866 solumque
1033 2765 1274 2839 Deum
1312 2780 1391 2837 et
1426 2764 1584 2838 eius
1618 2761 1983 2837 Justitiam
2015 2758 2310 2838 baben-

129 2890 244 2949 tes
274 2900 450 2978 prae
489 2871 765 2966 oculis,
816 2874 894 2945 in
938 2867 1213 2947 eisdem
1254 2887 1332 2947 et
1374 2869 1453 2942 in
1506 2868 1851 2946 omnibus
1886 2886 1963 2945 et
2009 2870 2306 2973 singulis

128 3005 385 3056 coram
423 2980 633 3054 vobis
661 2977 1168 3085 proponendis
1203 2975 1772 3079 et'exponendis
1805 2977 2056 3051 Causis
2091 2980 2307 3052 itaet

125 3089 371 3163 taliter
404 3085 498 3161 de
541 3111 743 3160 novo
800 3102 876 3161 et
922 3110 1017 3159 ex
1062 3108 1262 3179 novo
1300 3082 1663 3159 iudicium
1699 3096 1778 3157 et
1824 3083 2169 3159 iustitiam
2202 3081 2305 3156 fn-

120 3196 372 3288 ciatis,
427 3212 509 3268 ut
559 3193 931 3269 dictorum
991 3190 1282 3287 Civium
1321 3191 1820 3293 querimonias
1882 3194 2307 3294 praemissas

125 3300 220 3375 ad
262 3299 595 3378 eiusdem
643 3301 920 3402 Regiae
970 3295 1369 3393 Maiestatis
1420 3300 1636 3373 aures
1677 3296 2125 3399 peramplius
2173 3290 2305 3371 re·-

13 3400 20 3409 ’
121 3406 298 3484 duei
351 3434 507 3503 non
577 3412 975 3509 contingat.
1069 3400 1395 3479 Litteras
1461 3408 1720 3485 vestris
1780 3420 1855 3479 et
1926 3402 2303 3477 dictorum

118 3514 170 3588 J
175 3510 557 3591 oratorum
594 3514 886 3591 Civium
922 3510 1308 3589 vobiscum
1347 3508 1867 3614 deputatorum
1902 3507 2151 3611 sigillis
2187 3533 2302 3583 sua

120 3619 725 3727 perhuiusmodi
769 3619 998 3696 vestri
1042 3617 1318 3693 Judicii
1366 3635 1444 3692 et
1481 3616 1797 3693 iustitiae
1837 3612 2327 3718 impensione'

121 3728 464 3830 sigillatas
544 3724 868 3830 partibus
919 3726 1434 3802 concedentes.
1536 3725 1801 3797 Datum
1848 3722 1925 3797 in‘
1981 3721 2301 3800 Ciuitate

123 3834 664 3912 Leuehoviensi
708 3832 889 3908 seria
940 3836 1152 3908 tertia
1210 3830 1548 3932 proxima
1595 3847 1762 3931 post
1801 3827 2070 3907 festum
2110 3830 2301 3905 Con·

127 3946 486 4044 ceptionis
552 3941 811 4015 beatae
870 3939 1148 4016 Mariae
1207 3939 1528 4041 Virginis
1595 3934 2026 4045 gloriosae„
2072 3923 2297 4012 Anni>

21 4060 50 4075 ·
132 4049 439 4125 Domini
486 4048 883 4125 Millesimo
941 4046 1687 4151 Quadringentesimo
1744 4042 2118 4118 Vicesimo
2161 4040 2297 4119 Se·-

132 4158 384 4260 ptimo.
490 4154 745 4233 Petrus
809 4156 1155 4234 Henriezi
1205 4156 1320 4268 dex
1363 4149 1819 4255 Brezowyeb
1858 4147 2297 4228 Tbawerni—
