2875 4842
2131 454 2230 521 85

158 648 235 724 L.
288 650 871 731 Prouocatoriae
896 655 1440 755 regnicolarum
1458 654 1553 731 ad
1580 656 1801 731 Ciues
1827 656 2093 737 Poeon.
2117 677 2191 734 vt
2216 689 2332 735 re-

349 760 544 861 ginis
577 762 888 865 captiuis
926 759 1178 841 fideles
1218 778 1585 837 maneant.

159 865 269 940 LI.
323 865 748 968 Gregorius
779 868 917 942 XI.
958 865 1092 942 PP.
1129 869 1553 945 cruciferos
1591 868 2011 973 Hungariae
2049 896 2138 948 ac
2174 869 2339 945 Dal-

350 978 629 1050 matiae
677 973 772 1050 ad
807 973 1255 1051 bellandum
1280 992 1540 1052 contra
1571 978 1900 1070 Tomoe,
1956 1003 2125 1057 eum
2155 978 2330 1053 Ma·-

346 1082 593 1182 gistro
640 1080 966 1175 Rhodio,
1010 1080 1385 1176 proficisci
1416 1082 1645 1156 iubet.

160 1183 296 1262 LII.
356 1188 784 1265 Demetrius
836 1187 917 1273 A.
972 1187 1109 1312 Ep.
1168 1188 1493 1329 Strigo-n.
1551 1216 1636 1265 ac
1686 1189 2095 1267 cardinalis
2145 1192 2327 1265 vari-

346 1319 432 1365 as
474 1295 646 1370 lites
699 1298 1109 1397 componit.
1595 1328 1604 1347 ¹

163 1399 338 1476 LIII.
390 1399 825 1503 Capitulum
904 1400 1372 1476 Castriferrei
1437 1427 1665 1507 super
1739 1401 1914 1479 dote
1978 1430 2065 1479 ac
2127 1429 2335 1502 para-

354 1503 847 1610 phernalibus
885 1508 1124 1583 nobili
1160 1508 1523 1584 Dominae
1562 1509 1926 1584 Elisabeth
1967 1508 2061 1586 de
2109 1505 2334 1584 Fran-

355 1613 481 1688 klo
522 1612 940 1726 expeditis,
998 1617 1514 1690 testimoniales
1548 1616 1874 1719 largitur.

166 1715 337 1794 LIV.
391 1714 617 1798 Idem
662 1723 1079 1822 Capitulum
1113 1749 1336 1824 super
1371 1749 1522 1795 vno
1559 1720 1731 1798 loco
1770 1722 2203 1816 molendini,
2259 1722 2336 1794 in
2469 1764 2478 1775 ·

355 1825 603 1903 fluuio
638 1826 871 1922 Baba,
915 1854 1127 1903 cesso
1158 1826 1577 1904 fassionales
1620 1828 1796 1903 edit.

168 1930 304 2008 LV.
356 1933 575 2010 Idem
622 1961 785 2039 cap.
836 1885 1318 2013 l’3enedictum
1362 1935 1457 2010 de
1486 1935 1771 2011 Kolta
1750 1961 1911 2009 iura
1952 1961 2080 2009 sua
2114 1958 2340 2037 super

357 2043 839 2144 possessione
908 2042 1215 2118 Reznuk
1290 2043 1393 2116 M.
1459 2042 1775 2117 Nicolao
1829 2041 1950 2117 de
1982 2041 2340 2145 Eget-war

358 2151 679 2240 cessise,
696 2149 1031 2226 ‘ufatetm
1124 2192 1131 2199 -

170 2250 334 2328 LVI.
390 2254 581 2358 Cap.
624 2255 899 2331 Jaurin.
938 2255 1127 2332 filios
1174 2210 1370 2330 Petri
1412 2252 1507 2328 de
1565 2252 1987 2331 Pothiund
1969 2278 2165 2329 iussu
2206 2278 2334 2329 re-
2465 2302 2472 2309 -

361 2363 473 2464 gis
531 2359 987 2463 sigismundi
1038 2364 1176 2437 rite
1219 2379 1527 2437 statutos
1562 2363 1814 2438 refert.

168 2460 375 2542 LVII.
437 2467 625 2571 Cap.
619 2422 976 2543 t>Nitritm.
1020 2468 1297 2543 bullam
1334 2468 1702 2543 Bonifacii
1742 2467 1931 2543 VIII.
1979 2490 2120 2568 pro
2174 2461 2336 2573 Mo·

360 2574 691 2649 nialibns
727 2576 809 2658 S.
848 2575 1101 2651 Clarae
1143 2572 1704 2678 priuilegialiter
1741 2571 2187 2649 transcribit.

172 2675 416 2756 LVIII.
476 2681 834 2758 Nicotaus
878 2680 974 2755 de
1029 2681 1279 2758 Zeech
1319 2679 1679 2754 Palatinus
1736 2681 1983 2755 literas
2038 2677 2338 2752 adiudi-
2387 2672 2396 2679 ’
2473 2693 2483 2713 ‘

362 2788 685 2862 caton-ias
741 2812 967 2893 super
1013 2789 1445 2864 molendino
1493 2787 2024 2892 Puspokiensi,
2076 2811 2162 2863 ac
2205 2810 2335 2860 re

358 2892 664 2971 latori-as
693 2895 1013 3000 Capituli
1049 2895 1411 2970 Budensis
1450 2893 1543 2969 de
1585 2919 1782 2969 anno
1827 2898 2054 2971 1387.
2094 2917 2336 2995 expe-

172 3104 349 3182 le.
361 3001 620 3187 ‘ligem
687 3108 1048 3185 Palatinus
1109 3104 1542 3213 quartalicia
1601 3107 2096 3210 possessionis
2147 3105 2335 3180 Sza-

361 3211 568 3291 kacsi
606 3215 989 3294 nobilibus
1033 3214 1129 3291 de
1178 3209 1600 3314 Ereztveny
1638 3210 2030 3288 adiudicat.

916 3378 1562 3470 ’Ann051386.
1701 3400 1710 3409 ’

178 3535 318 3614 LX.
368 3539 883 3645 Sigismundus
922 3539 1015 3614 ad
1052 3539 1627 3663 componendas
1632 3540 1826 3613 inter
1862 3565 1964 3631 se,
1995 3558 2080 3611 ac
2103 3537 2334 3637 Regi-

359 3674 491 3724 nas
531 3648 1113 3739 contiouersias,
1169 3649 1244 3721 in
1281 3647 1802 3722 Wenceslaum
1821 3646 2332 3721 Romanorum
2375 3714 2382 3719 .

367 3781 456 3829 ac
494 3753 892 3830 Bohemiae
928 3776 1182 3857 regem
1219 3752 1770 3856 compromitti&

164 3856 903 3968 Lx1.Wenceslaus
928 3885 1185 3965 pacem
1228 3861 1420 3933 inter
1462 3882 1613 3941 eos,
1649 3884 1734 3931 ac
1753 3857 2118 3932 Jodocum
2145 3855 2336 3929 Mar-

369 3953 708 4044 chionem
751 3972 968 4044 certis
1006 3966 1151 4042 sub
1187 3962 1738 4041 conditionibus
1792 3961 2119 4039 conficit.
2421 4035 2430 4042 .

192 4064 388 4150 LXII.
448 4072 791 4151 Vrbanus
843 4068 1317 4149 V1.PP.in
1382 4070 1846 4175 sponsalibus
1913 4065 2331 4170 HedwigiS,

365 4179 718 4258 Poloniae
770 4182 1112 4283 reginae,
1202 4205 1405 4255 cum
1435 4173 1838 4254 Wilhelmo
1903 4174 2143 4251 Duce
2166 4178 2333 4247 Au-
