<?xml version="1.0" encoding="UTF-8"?>
<!DOCTYPE html PUBLIC "-//W3C//DTD XHTML 1.0 Transitional//EN"
    "http://www.w3.org/TR/xhtml1/DTD/xhtml1-transitional.dtd">
<html xmlns="http://www.w3.org/1999/xhtml" xml:lang="en" lang="en">
 <head>
  <title>
</title>
<meta http-equiv="Content-Type" content="text/html;charset=utf-8" />
  <meta name='ocr-system' content='tesseract 3.04.00' />
  <meta name='ocr-capabilities' content='ocr_page ocr_carea ocr_par ocr_line ocrx_word'/>
</head>
<body>
  <div class='ocr_page' id='page_1' title='image "./codexdiplomatic00knigoog_0165.png"; bbox 0 0 2875 4842; ppageno 0'>
   <div class='ocr_carea' id='block_1_1' title="bbox 2027 439 2170 513">
    <p class='ocr_par' dir='ltr' id='par_1_1' title="bbox 2027 439 2170 513">
     <span class='ocr_line' id='line_1_1' title="bbox 2027 439 2170 513; baseline 0.021 -4"><span class='ocrx_word' id='word_1_1' title='bbox 2027 439 2170 513; x_wconf 84' lang='lat'><strong>159</strong></span> 
     </span>
    </p>
   </div>
   <div class='ocr_carea' id='block_1_2' title="bbox 48 639 2279 3946">
    <p class='ocr_par' dir='ltr' id='par_1_2' title="bbox 48 639 2279 2862">
     <span class='ocr_line' id='line_1_2' title="bbox 143 639 2279 749; baseline 0.003 -33"><span class='ocrx_word' id='word_1_2' title='bbox 143 640 221 718; x_wconf 73' lang='lat' dir='ltr'><strong>ad</strong></span> <span class='ocrx_word' id='word_1_3' title='bbox 253 641 544 719; x_wconf 81' lang='lat' dir='ltr'><strong>eandem</strong></span> <span class='ocrx_word' id='word_1_4' title='bbox 585 639 871 749; x_wconf 80' lang='lat' dir='ltr'><strong>plagam</strong></span> <span class='ocrx_word' id='word_1_5' title='bbox 910 643 1340 741; x_wconf 80' lang='lat' dir='ltr'><strong>currendo,</strong></span> <span class='ocrx_word' id='word_1_6' title='bbox 1386 663 1462 724; x_wconf 90' lang='lat' dir='ltr'><strong>et</strong></span> <span class='ocrx_word' id='word_1_7' title='bbox 1504 662 1832 742; x_wconf 34' lang='lat' dir='ltr'><strong>meatum·</strong></span> <span class='ocrx_word' id='word_1_8' title='bbox 1858 642 2040 723; x_wconf 82' lang='lat' dir='ltr'><strong>dicti</strong></span> <span class='ocrx_word' id='word_1_9' title='bbox 2074 645 2279 724; x_wconf 89' lang='lat' dir='ltr'><strong>fluuii</strong></span> 
     </span>
     <span class='ocr_line' id='line_1_3' title="bbox 145 751 2278 853; baseline 0.001 -28"><span class='ocrx_word' id='word_1_10' title='bbox 145 751 424 851; x_wconf 83' lang='lat' dir='ltr'><strong>Ipolnok</strong></span> <span class='ocrx_word' id='word_1_11' title='bbox 504 753 766 853; x_wconf 84' lang='lat' dir='ltr'><strong>pataka</strong></span> <span class='ocrx_word' id='word_1_12' title='bbox 854 751 1305 827; x_wconf 83' lang='lat' dir='ltr'><strong>transeundo</strong></span> <span class='ocrx_word' id='word_1_13' title='bbox 1386 751 1485 829; x_wconf 89' lang='lat' dir='ltr'><strong>ad</strong></span> <span class='ocrx_word' id='word_1_14' title='bbox 1567 754 1869 830; x_wconf 82' lang='lat' dir='ltr'><strong>tertium</strong></span> <span class='ocrx_word' id='word_1_15' title='bbox 1946 769 2278 828; x_wconf 86' lang='lat' dir='ltr'><strong>montem</strong></span> 
     </span>
     <span class='ocr_line' id='line_1_4' title="bbox 145 856 2276 962; baseline 0 -33"><span class='ocrx_word' id='word_1_16' title='bbox 145 856 618 950; x_wconf 74' lang='lat' dir='ltr'><strong>ascendendo,</strong></span> <span class='ocrx_word' id='word_1_17' title='bbox 672 859 1012 962; x_wconf 78' lang='lat' dir='ltr'><strong>peruenit</strong></span> <span class='ocrx_word' id='word_1_18' title='bbox 1064 857 1158 932; x_wconf 89' lang='lat' dir='ltr'><strong>ad</strong></span> <span class='ocrx_word' id='word_1_19' title='bbox 1200 886 1416 936; x_wconf 84' lang='lat' dir='ltr'><strong>vnam</strong></span> <span class='ocrx_word' id='word_1_20' title='bbox 1453 877 1726 935; x_wconf 88' lang='lat' dir='ltr'><strong>metam</strong></span> <span class='ocrx_word' id='word_1_21' title='bbox 1766 877 2089 937; x_wconf 81' lang='lat' dir='ltr'><strong>terream</strong></span> <span class='ocrx_word' id='word_1_22' title='bbox 2113 911 2138 946; x_wconf 89' lang='lat'><strong>,</strong></span> <span class='ocrx_word' id='word_1_23' title='bbox 2196 858 2276 931; x_wconf 86' lang='lat' dir='ltr'><strong>in</strong></span> 
     </span>
     <span class='ocr_line' id='line_1_5' title="bbox 148 963 2277 1070; baseline 0.003 -37"><span class='ocrx_word' id='word_1_24' title='bbox 148 966 387 1039; x_wconf 75' lang='lat' dir='ltr'><strong>vertice</strong></span> <span class='ocrx_word' id='word_1_25' title='bbox 429 963 610 1041; x_wconf 85' lang='lat' dir='ltr'><strong>dicti</strong></span> <span class='ocrx_word' id='word_1_26' title='bbox 654 964 921 1040; x_wconf 83' lang='lat' dir='ltr'><strong>montis</strong></span> <span class='ocrx_word' id='word_1_27' title='bbox 960 965 1261 1070; x_wconf 82' lang='lat' dir='ltr'>planitie</span> <span class='ocrx_word' id='word_1_28' title='bbox 1313 966 1803 1062; x_wconf 79' lang='lat' dir='ltr'><strong>cumulatam,</strong></span> <span class='ocrx_word' id='word_1_29' title='bbox 1860 966 1956 1041; x_wconf 88' lang='lat' dir='ltr'><strong>de</strong></span> <span class='ocrx_word' id='word_1_30' title='bbox 1997 992 2147 1069; x_wconf 90' lang='lat' dir='ltr'><strong>qua</strong></span> <span class='ocrx_word' id='word_1_31' title='bbox 2180 963 2277 1040; x_wconf 83' lang='lat' dir='ltr'><strong>ad</strong></span> 
     </span>
     <span class='ocr_line' id='line_1_6' title="bbox 145 1070 2277 1177; baseline 0.001 -34"><span class='ocrx_word' id='word_1_32' title='bbox 145 1070 406 1143; x_wconf 86' lang='lat' dir='ltr'><strong>eandem</strong></span> <span class='ocrx_word' id='word_1_33' title='bbox 442 1073 731 1177; x_wconf 79' lang='lat' dir='ltr'><strong>plagam</strong></span> <span class='ocrx_word' id='word_1_34' title='bbox 764 1095 903 1175; x_wconf 90' lang='lat' dir='ltr'><strong>per</strong></span> <span class='ocrx_word' id='word_1_35' title='bbox 940 1070 1319 1172; x_wconf 89' lang='lat' dir='ltr'><strong>quoddam</strong></span> <span class='ocrx_word' id='word_1_36' title='bbox 1355 1099 1617 1150; x_wconf 87' lang='lat' dir='ltr'><strong>nemus</strong></span> <span class='ocrx_word' id='word_1_37' title='bbox 1653 1071 2104 1148; x_wconf 81' lang='lat' dir='ltr'><strong>transeundo</strong></span> <span class='ocrx_word' id='word_1_38' title='bbox 2149 1097 2277 1145; x_wconf 83' lang='lat' dir='ltr'><strong>ve-</strong></span> 
     </span>
     <span class='ocr_line' id='line_1_7' title="bbox 144 1175 2277 1282; baseline 0 -33"><span class='ocrx_word' id='word_1_39' title='bbox 144 1180 228 1250; x_wconf 85' lang='lat' dir='ltr'><strong>nit</strong></span> <span class='ocrx_word' id='word_1_40' title='bbox 262 1175 344 1250; x_wconf 92' lang='lat' dir='ltr'><strong>ad</strong></span> <span class='ocrx_word' id='word_1_41' title='bbox 397 1205 614 1256; x_wconf 86' lang='lat' dir='ltr'><strong>vnam</strong></span> <span class='ocrx_word' id='word_1_42' title='bbox 660 1177 1004 1254; x_wconf 81' lang='lat' dir='ltr'><strong>arborem</strong></span> <span class='ocrx_word' id='word_1_43' title='bbox 1046 1180 1343 1282; x_wconf 88' lang='lat' dir='ltr'><strong>querci,</strong></span> <span class='ocrx_word' id='word_1_44' title='bbox 1399 1200 1594 1257; x_wconf 86' lang='lat' dir='ltr'><strong>meta</strong></span> <span class='ocrx_word' id='word_1_45' title='bbox 1651 1198 1901 1256; x_wconf 78' lang='lat' dir='ltr'><strong>terrea</strong></span> <span class='ocrx_word' id='word_1_46' title='bbox 1957 1183 2277 1274; x_wconf 81' lang='lat' dir='ltr'><strong>circum-</strong></span> 
     </span>
     <span class='ocr_line' id='line_1_8' title="bbox 141 1278 2276 1390; baseline 0.004 -38"><span class='ocrx_word' id='word_1_47' title='bbox 141 1278 403 1374; x_wconf 77' lang='lat' dir='ltr'><strong>sessam,</strong></span> <span class='ocrx_word' id='word_1_48' title='bbox 464 1286 661 1360; x_wconf 81' lang='lat' dir='ltr'><strong>vnde</strong></span> <span class='ocrx_word' id='word_1_49' title='bbox 713 1287 787 1358; x_wconf 90' lang='lat' dir='ltr'><strong>in</strong></span> <span class='ocrx_word' id='word_1_50' title='bbox 837 1281 1105 1360; x_wconf 86' lang='lat' dir='ltr'><strong>eodem</strong></span> <span class='ocrx_word' id='word_1_51' title='bbox 1154 1307 1459 1362; x_wconf 87' lang='lat' dir='ltr'><strong>nemore</strong></span> <span class='ocrx_word' id='word_1_52' title='bbox 1506 1313 1643 1390; x_wconf 87' lang='lat' dir='ltr'><strong>per</strong></span> <span class='ocrx_word' id='word_1_53' title='bbox 1689 1287 1995 1390; x_wconf 79' lang='lat' dir='ltr'><strong>longum</strong></span> <span class='ocrx_word' id='word_1_54' title='bbox 2044 1287 2276 1388; x_wconf 86' lang='lat' dir='ltr'><strong>spaci-</strong></span> 
     </span>
     <span class='ocr_line' id='line_1_9' title="bbox 140 1389 2271 1495; baseline 0.004 -38"><span class='ocrx_word' id='word_1_55' title='bbox 140 1415 241 1462; x_wconf 83' lang='lat' dir='ltr'><strong>um</strong></span> <span class='ocrx_word' id='word_1_56' title='bbox 271 1389 527 1483; x_wconf 87' lang='lat' dir='ltr'><strong>eundo,</strong></span> <span class='ocrx_word' id='word_1_57' title='bbox 565 1392 800 1491; x_wconf 84' lang='lat' dir='ltr'><strong>iungit</strong></span> <span class='ocrx_word' id='word_1_58' title='bbox 834 1391 1182 1467; x_wconf 80' lang='lat' dir='ltr'><strong>arborem</strong></span> <span class='ocrx_word' id='word_1_59' title='bbox 1218 1392 1805 1488; x_wconf 62' lang='lat' dir='ltr'><strong>ilicismetalem,</strong></span> <span class='ocrx_word' id='word_1_60' title='bbox 1848 1390 2271 1495; x_wconf 85' lang='lat' dir='ltr'><strong>abindeque</strong></span> 
     </span>
     <span class='ocr_line' id='line_1_10' title="bbox 140 1493 2274 1605; baseline 0.001 -38"><span class='ocrx_word' id='word_1_61' title='bbox 140 1493 219 1569; x_wconf 88' lang='lat' dir='ltr'><strong>de</strong></span> <span class='ocrx_word' id='word_1_62' title='bbox 242 1496 600 1598; x_wconf 84' lang='lat' dir='ltr'><strong>praedicto</strong></span> <span class='ocrx_word' id='word_1_63' title='bbox 647 1514 901 1571; x_wconf 89' lang='lat' dir='ltr'><strong>monte</strong></span> <span class='ocrx_word' id='word_1_64' title='bbox 935 1497 1025 1573; x_wconf 84' lang='lat' dir='ltr'><strong>ad</strong></span> <span class='ocrx_word' id='word_1_65' title='bbox 1068 1496 1382 1573; x_wconf 88' lang='lat' dir='ltr'><strong>eandem</strong></span> <span class='ocrx_word' id='word_1_66' title='bbox 1421 1501 1711 1605; x_wconf 80' lang='lat' dir='ltr'><strong>plagam</strong></span> <span class='ocrx_word' id='word_1_67' title='bbox 1746 1495 2274 1575; x_wconf 79' lang='lat' dir='ltr'><strong>descendendo¹</strong></span> 
     </span>
     <span class='ocr_line' id='line_1_11' title="bbox 137 1604 2269 1707; baseline 0.002 -35"><span class='ocrx_word' id='word_1_68' title='bbox 137 1605 410 1677; x_wconf 83' lang='lat' dir='ltr'><strong>annectit</strong></span> <span class='ocrx_word' id='word_1_69' title='bbox 453 1606 680 1682; x_wconf 85' lang='lat' dir='ltr'><strong>aliam</strong></span> <span class='ocrx_word' id='word_1_70' title='bbox 725 1604 1074 1681; x_wconf 85' lang='lat' dir='ltr'><strong>arborem</strong></span> <span class='ocrx_word' id='word_1_71' title='bbox 1113 1608 1371 1707; x_wconf 84' lang='lat' dir='ltr'><strong>querci</strong></span> <span class='ocrx_word' id='word_1_72' title='bbox 1421 1607 1748 1684; x_wconf 85' lang='lat' dir='ltr'><strong>similiter</strong></span> <span class='ocrx_word' id='word_1_73' title='bbox 1794 1611 1994 1680; x_wconf 86' lang='lat' dir='ltr'><strong>meta&#39;</strong></span> <span class='ocrx_word' id='word_1_74' title='bbox 2022 1622 2269 1681; x_wconf 83' lang='lat' dir='ltr'><strong>terrea</strong></span> 
     </span>
     <span class='ocr_line' id='line_1_12' title="bbox 54 1703 2269 1818; baseline 0.002 -39"><span class='ocrx_word' id='word_1_75' title='bbox 54 1747 57 1764; x_wconf 91' lang='lat'><em>·</em></span> <span class='ocrx_word' id='word_1_76' title='bbox 138 1708 685 1816; x_wconf 24' lang='lat' dir='ltr'><strong>circumfossa-rm</strong></span> <span class='ocrx_word' id='word_1_77' title='bbox 743 1739 784 1784; x_wconf 90' lang='lat' dir='ltr'><strong>a</strong></span> <span class='ocrx_word' id='word_1_78' title='bbox 822 1737 969 1812; x_wconf 91' lang='lat' dir='ltr'><strong>qua</strong></span> <span class='ocrx_word' id='word_1_79' title='bbox 1002 1712 1379 1788; x_wconf 88' lang='lat' dir='ltr'><strong>modicum</strong></span> <span class='ocrx_word' id='word_1_80' title='bbox 1418 1703 1736 1818; x_wconf 76' lang='lat' dir='ltr'><strong>spatium</strong></span> <span class='ocrx_word' id='word_1_81' title='bbox 1783 1712 1985 1788; x_wconf 84' lang='lat' dir='ltr'><strong>inter</strong></span> <span class='ocrx_word' id='word_1_82' title='bbox 2039 1729 2269 1786; x_wconf 82' lang='lat' dir='ltr'><strong>terras</strong></span> 
     </span>
     <span class='ocr_line' id='line_1_13' title="bbox 134 1813 2267 1921; baseline 0.001 -33"><span class='ocrx_word' id='word_1_83' title='bbox 134 1813 393 1891; x_wconf 79' lang='lat' dir='ltr'><strong>arabiles</strong></span> <span class='ocrx_word' id='word_1_84' title='bbox 432 1818 889 1895; x_wconf 86' lang='lat' dir='ltr'><strong>transeundo</strong></span> <span class='ocrx_word' id='word_1_85' title='bbox 932 1846 1149 1894; x_wconf 82' lang='lat' dir='ltr'><strong>vnam</strong></span> <span class='ocrx_word' id='word_1_86' title='bbox 1191 1836 1464 1893; x_wconf 88' lang='lat' dir='ltr'><strong>metam</strong></span> <span class='ocrx_word' id='word_1_87' title='bbox 1502 1825 1951 1910; x_wconf 85' lang='lat' dir='ltr'><strong>erexissent,</strong></span> <span class='ocrx_word' id='word_1_88' title='bbox 2010 1847 2053 1893; x_wconf 90' lang='lat' dir='ltr'><strong>a</strong></span> <span class='ocrx_word' id='word_1_89' title='bbox 2118 1844 2267 1921; x_wconf 88' lang='lat' dir='ltr'><strong>qua</strong></span> 
     </span>
     <span class='ocr_line' id='line_1_14' title="bbox 132 1921 2264 2029; baseline 0.003 -36"><span class='ocrx_word' id='word_1_90' title='bbox 132 1945 237 2021; x_wconf 88' lang='lat' dir='ltr'><strong>per</strong></span> <span class='ocrx_word' id='word_1_91' title='bbox 264 1921 558 2025; x_wconf 84' lang='lat' dir='ltr'><strong>longum</strong></span> <span class='ocrx_word' id='word_1_92' title='bbox 605 1925 935 2027; x_wconf 83' lang='lat' dir='ltr'><strong>spacium</strong></span> <span class='ocrx_word' id='word_1_93' title='bbox 967 1926 1042 1998; x_wconf 90' lang='lat' dir='ltr'><strong>in</strong></span> <span class='ocrx_word' id='word_1_94' title='bbox 1090 1925 1347 2000; x_wconf 88' lang='lat' dir='ltr'><strong>eadem</strong></span> <span class='ocrx_word' id='word_1_95' title='bbox 1393 1926 1606 2029; x_wconf 80' lang='lat' dir='ltr'><strong>plaga</strong></span> <span class='ocrx_word' id='word_1_96' title='bbox 1649 1924 2021 2000; x_wconf 88' lang='lat' dir='ltr'><strong>currendo</strong></span> <span class='ocrx_word' id='word_1_97' title='bbox 2056 1924 2264 2000; x_wconf 73' lang='lat' dir='ltr'><strong>venit</strong></span> 
     </span>
     <span class='ocr_line' id='line_1_15' title="bbox 130 2025 2262 2136; baseline 0.005 -40"><span class='ocrx_word' id='word_1_98' title='bbox 130 2025 196 2098; x_wconf 77' lang='lat' dir='ltr'><strong>ad</strong></span> <span class='ocrx_word' id='word_1_99' title='bbox 229 2053 420 2103; x_wconf 85' lang='lat' dir='ltr'><strong>vnam</strong></span> <span class='ocrx_word' id='word_1_100' title='bbox 464 2050 740 2106; x_wconf 88' lang='lat' dir='ltr'><strong>metam</strong></span> <span class='ocrx_word' id='word_1_101' title='bbox 780 2048 1098 2108; x_wconf 82' lang='lat' dir='ltr'><strong>terream</strong></span> <span class='ocrx_word' id='word_1_102' title='bbox 1133 2033 1208 2105; x_wconf 90' lang='lat' dir='ltr'><strong>in</strong></span> <span class='ocrx_word' id='word_1_103' title='bbox 1255 2052 1470 2136; x_wconf 82' lang='lat' dir='ltr'><strong>prato</strong></span> <span class='ocrx_word' id='word_1_104' title='bbox 1511 2032 1607 2109; x_wconf 92' lang='lat' dir='ltr'><strong>de</strong></span> <span class='ocrx_word' id='word_1_105' title='bbox 1645 2056 1846 2105; x_wconf 87' lang='lat' dir='ltr'><strong>nouo</strong></span> <span class='ocrx_word' id='word_1_106' title='bbox 1878 2031 2262 2122; x_wconf 89' lang='lat' dir='ltr'><strong>eleuatam‚</strong></span> 
     </span>
     <span class='ocr_line' id='line_1_16' title="bbox 132 2131 2263 2242; baseline 0.004 -38"><span class='ocrx_word' id='word_1_107' title='bbox 132 2131 503 2240; x_wconf 71' lang='lat' dir='ltr'><strong>abinde-que</strong></span> <span class='ocrx_word' id='word_1_108' title='bbox 567 2165 704 2241; x_wconf 84' lang='lat' dir='ltr'><strong>per</strong></span> <span class='ocrx_word' id='word_1_109' title='bbox 749 2162 1063 2239; x_wconf 81' lang='lat' dir='ltr'><strong>paruum</strong></span> <span class='ocrx_word' id='word_1_110' title='bbox 1124 2142 1438 2241; x_wconf 80' lang='lat' dir='ltr'><strong>spatium</strong></span> <span class='ocrx_word' id='word_1_111' title='bbox 1496 2137 1942 2214; x_wconf 87' lang='lat' dir='ltr'><strong>transeundo</strong></span> <span class='ocrx_word' id='word_1_112' title='bbox 1980 2163 2263 2242; x_wconf 85' lang='lat' dir='ltr'><strong>perue-</strong></span> 
     </span>
     <span class='ocr_line' id='line_1_17' title="bbox 131 2238 2262 2348; baseline 0.004 -37"><span class='ocrx_word' id='word_1_113' title='bbox 131 2239 213 2313; x_wconf 88' lang='lat' dir='ltr'><strong>nit</strong></span> <span class='ocrx_word' id='word_1_114' title='bbox 242 2238 325 2312; x_wconf 90' lang='lat' dir='ltr'><strong>ad</strong></span> <span class='ocrx_word' id='word_1_115' title='bbox 363 2270 588 2318; x_wconf 80' lang='lat' dir='ltr'><strong>vnum</strong></span> <span class='ocrx_word' id='word_1_116' title='bbox 631 2245 905 2344; x_wconf 82' lang='lat' dir='ltr'><strong>lignum</strong></span> <span class='ocrx_word' id='word_1_117' title='bbox 951 2242 1473 2344; x_wconf 66' lang='lat' dir='ltr'><strong>Symelcheufa</strong></span> <span class='ocrx_word' id='word_1_118' title='bbox 1529 2240 2057 2348; x_wconf 77' lang='lat' dir='ltr'><strong>(Szemercesa)</strong></span> <span class='ocrx_word' id='word_1_119' title='bbox 2115 2271 2262 2320; x_wconf 89' lang='lat' dir='ltr'><strong>no-</strong></span> 
     </span>
     <span class='ocr_line' id='line_1_18' title="bbox 48 2346 2259 2439; baseline 0.005 -23"><span class='ocrx_word' id='word_1_120' title='bbox 48 2407 52 2412; x_wconf 94' lang='lat'><em>.</em></span> <span class='ocrx_word' id='word_1_121' title='bbox 129 2346 478 2439; x_wconf 86' lang='lat' dir='ltr'><strong>minatum,</strong></span> <span class='ocrx_word' id='word_1_122' title='bbox 540 2351 866 2426; x_wconf 79' lang='lat' dir='ltr'><strong>similiter</strong></span> <span class='ocrx_word' id='word_1_123' title='bbox 903 2368 1098 2426; x_wconf 88' lang='lat' dir='ltr'><strong>meta</strong></span> <span class='ocrx_word' id='word_1_124' title='bbox 1139 2369 1374 2427; x_wconf 85' lang='lat' dir='ltr'><strong>terrea</strong></span> <span class='ocrx_word' id='word_1_125' title='bbox 1411 2350 2011 2434; x_wconf 78' lang='lat' dir='ltr'><strong>circumfossum.</strong></span> <span class='ocrx_word' id='word_1_126' title='bbox 2066 2350 2259 2426; x_wconf 77' lang='lat' dir='ltr'><strong>vnde</strong></span> 
     </span>
     <span class='ocr_line' id='line_1_19' title="bbox 48 2454 2260 2561; baseline 0.003 -36"><span class='ocrx_word' id='word_1_127' title='bbox 48 2473 49 2542; x_wconf 60' lang='lat' dir='ltr'><em>g</em></span> <span class='ocrx_word' id='word_1_128' title='bbox 128 2475 236 2551; x_wconf 88' lang='lat' dir='ltr'><strong>per</strong></span> <span class='ocrx_word' id='word_1_129' title='bbox 280 2455 656 2532; x_wconf 89' lang='lat' dir='ltr'><strong>modicum</strong></span> <span class='ocrx_word' id='word_1_130' title='bbox 706 2459 1017 2561; x_wconf 76' lang='lat' dir='ltr'><strong>spatium</strong></span> <span class='ocrx_word' id='word_1_131' title='bbox 1075 2457 1451 2534; x_wconf 85' lang='lat' dir='ltr'><strong>currendo</strong></span> <span class='ocrx_word' id='word_1_132' title='bbox 1502 2461 1727 2534; x_wconf 80' lang='lat' dir='ltr'><strong>intrat</strong></span> <span class='ocrx_word' id='word_1_133' title='bbox 1766 2455 2073 2534; x_wconf 86' lang='lat' dir='ltr'><strong>fluuium</strong></span> <span class='ocrx_word' id='word_1_134' title='bbox 2122 2454 2260 2550; x_wconf 79' lang='lat' dir='ltr'><strong>Sa·</strong></span> 
     </span>
     <span class='ocr_line' id='line_1_20' title="bbox 48 2553 2256 2668; baseline 0.004 -38"><span class='ocrx_word' id='word_1_135' title='bbox 48 2575 49 2578; x_wconf 75' lang='grc'>’</span> <span class='ocrx_word' id='word_1_136' title='bbox 126 2553 187 2658; x_wconf 71' lang='lat' dir='ltr'><strong>jo</strong></span> <span class='ocrx_word' id='word_1_137' title='bbox 220 2581 756 2661; x_wconf 87' lang='lat' dir='ltr'><strong>praenotatum,</strong></span> <span class='ocrx_word' id='word_1_138' title='bbox 810 2563 939 2636; x_wconf 82' lang='lat' dir='ltr'><strong>vbi</strong></span> <span class='ocrx_word' id='word_1_139' title='bbox 973 2566 1394 2668; x_wconf 79' lang='lat' dir='ltr'><strong>inceperat,</strong></span> <span class='ocrx_word' id='word_1_140' title='bbox 1451 2584 1525 2641; x_wconf 89' lang='lat' dir='ltr'><strong>et</strong></span> <span class='ocrx_word' id='word_1_141' title='bbox 1562 2564 1669 2638; x_wconf 88' lang='lat' dir='ltr'><strong>ibi</strong></span> <span class='ocrx_word' id='word_1_142' title='bbox 1715 2567 2256 2641; x_wconf 83' lang='lat' dir='ltr'><strong>terminaretur.</strong></span> 
     </span>
     <span class='ocr_line' id='line_1_21' title="bbox 129 2663 2253 2775; baseline 0.006 -39"><span class='ocrx_word' id='word_1_143' title='bbox 129 2663 356 2742; x_wconf 84' lang='lat' dir='ltr'><strong>Datum</strong></span> <span class='ocrx_word' id='word_1_144' title='bbox 388 2668 776 2744; x_wconf 89' lang='lat' dir='ltr'><strong>Sabbatho</strong></span> <span class='ocrx_word' id='word_1_145' title='bbox 811 2671 1161 2772; x_wconf 83' lang='lat' dir='ltr'><strong>proximo</strong></span> <span class='ocrx_word' id='word_1_146' title='bbox 1207 2690 1371 2772; x_wconf 85' lang='lat' dir='ltr'><strong>post</strong></span> <span class='ocrx_word' id='word_1_147' title='bbox 1412 2672 1810 2747; x_wconf 86' lang='lat' dir='ltr'><strong>terminum</strong></span> <span class='ocrx_word' id='word_1_148' title='bbox 1845 2686 2253 2775; x_wconf 83' lang='lat' dir='ltr'><strong>praenota-</strong></span> 
     </span>
     <span class='ocr_line' id='line_1_22' title="bbox 127 2775 1545 2862; baseline 0.007 -18"><span class='ocrx_word' id='word_1_149' title='bbox 127 2783 249 2845; x_wconf 85' lang='lat' dir='ltr'><strong>tum</strong></span> <span class='ocrx_word' id='word_1_150' title='bbox 284 2802 475 2848; x_wconf 85' lang='lat' dir='ltr'><strong>anno</strong></span> <span class='ocrx_word' id='word_1_151' title='bbox 530 2778 828 2862; x_wconf 81' lang='lat' dir='ltr'><strong>Domini</strong></span> <span class='ocrx_word' id='word_1_152' title='bbox 868 2775 1545 2854; x_wconf 82' lang='lat' dir='ltr'>MCGCLXXXIV.</span> 
     </span>
    </p>

    <p class='ocr_par' dir='ltr' id='par_1_3' title="bbox 125 2880 2257 3946">
     <span class='ocr_line' id='line_1_23' title="bbox 281 2880 2255 2988; baseline 0.003 -32"><span class='ocrx_word' id='word_1_153' title='bbox 281 2882 570 2970; x_wconf 80' lang='lat' dir='ltr'><strong>Quibus</strong></span> <span class='ocrx_word' id='word_1_154' title='bbox 603 2882 908 2985; x_wconf 87' lang='lat' dir='ltr'><strong>quidem</strong></span> <span class='ocrx_word' id='word_1_155' title='bbox 952 2885 1175 2959; x_wconf 89' lang='lat' dir='ltr'><strong>literis</strong></span> <span class='ocrx_word' id='word_1_156' title='bbox 1209 2880 1595 2977; x_wconf 83' lang='lat' dir='ltr'><strong>exhibitis,</strong></span> <span class='ocrx_word' id='word_1_157' title='bbox 1651 2883 1827 2988; x_wconf 86' lang='lat' dir='ltr'><strong>quia</strong></span> <span class='ocrx_word' id='word_1_158' title='bbox 1856 2910 1950 2960; x_wconf 79' lang='lat' dir='ltr'><strong>ex</strong></span> <span class='ocrx_word' id='word_1_159' title='bbox 1995 2903 2255 2962; x_wconf 87' lang='lat' dir='ltr'><strong>tenore</strong></span> 
     </span>
     <span class='ocr_line' id='line_1_24' title="bbox 128 2987 2257 3093; baseline 0.005 -36"><span class='ocrx_word' id='word_1_160' title='bbox 128 2987 505 3062; x_wconf 82' lang='lat' dir='ltr'><strong>earumdem</strong></span> <span class='ocrx_word' id='word_1_161' title='bbox 537 2987 898 3093; x_wconf 85' lang='lat' dir='ltr'><strong>praedicti</strong></span> <span class='ocrx_word' id='word_1_162' title='bbox 932 3009 1185 3066; x_wconf 86' lang='lat' dir='ltr'><strong>noster</strong></span> <span class='ocrx_word' id='word_1_163' title='bbox 1219 3008 1291 3065; x_wconf 90' lang='lat' dir='ltr'><strong>et</strong></span> <span class='ocrx_word' id='word_1_164' title='bbox 1329 2992 1552 3091; x_wconf 84' lang='lat' dir='ltr'><strong>ipsius</strong></span> <span class='ocrx_word' id='word_1_165' title='bbox 1592 2991 1912 3092; x_wconf 78' lang='lat' dir='ltr'><strong>Capituli</strong></span> <span class='ocrx_word' id='word_1_166' title='bbox 1954 2991 2257 3093; x_wconf 83' lang='lat' dir='ltr'><strong>Agrien-</strong></span> 
     </span>
     <span class='ocr_line' id='line_1_25' title="bbox 125 3090 2257 3200; baseline 0.005 -38"><span class='ocrx_word' id='word_1_167' title='bbox 125 3090 199 3164; x_wconf 73' lang='lat' dir='ltr'><strong>sis</strong></span> <span class='ocrx_word' id='word_1_168' title='bbox 239 3090 557 3170; x_wconf 85' lang='lat' dir='ltr'><strong>homines</strong></span> <span class='ocrx_word' id='word_1_169' title='bbox 592 3099 667 3173; x_wconf 87' lang='lat' dir='ltr'><strong>in</strong></span> <span class='ocrx_word' id='word_1_170' title='bbox 732 3094 1106 3197; x_wconf 85' lang='lat' dir='ltr'><strong>praefixo,</strong></span> <span class='ocrx_word' id='word_1_171' title='bbox 1161 3116 1234 3171; x_wconf 89' lang='lat' dir='ltr'><strong>et</strong></span> <span class='ocrx_word' id='word_1_172' title='bbox 1274 3097 1369 3170; x_wconf 83' lang='lat' dir='ltr'><strong>ad</strong></span> <span class='ocrx_word' id='word_1_173' title='bbox 1411 3098 1554 3172; x_wconf 89' lang='lat' dir='ltr'><strong>hoc</strong></span> <span class='ocrx_word' id='word_1_174' title='bbox 1594 3098 1957 3200; x_wconf 83' lang='lat' dir='ltr'><strong>assignato</strong></span> <span class='ocrx_word' id='word_1_175' title='bbox 1995 3100 2257 3174; x_wconf 84' lang='lat' dir='ltr'><strong>termi-</strong></span> 
     </span>
     <span class='ocr_line' id='line_1_26' title="bbox 126 3199 2255 3306; baseline 0.007 -39"><span class='ocrx_word' id='word_1_176' title='bbox 126 3219 203 3268; x_wconf 87' lang='lat' dir='ltr'><strong>no</strong></span> <span class='ocrx_word' id='word_1_177' title='bbox 232 3199 313 3272; x_wconf 85' lang='lat' dir='ltr'><strong>ad</strong></span> <span class='ocrx_word' id='word_1_178' title='bbox 344 3201 570 3278; x_wconf 83' lang='lat' dir='ltr'><strong>facies</strong></span> <span class='ocrx_word' id='word_1_179' title='bbox 610 3200 1149 3306; x_wconf 86' lang='lat' dir='ltr'><strong>praedictarum</strong></span> <span class='ocrx_word' id='word_1_180' title='bbox 1187 3207 1773 3306; x_wconf 84' lang='lat' dir='ltr'><strong>possessionum,</strong></span> <span class='ocrx_word' id='word_1_181' title='bbox 1826 3202 2136 3279; x_wconf 82' lang='lat' dir='ltr'><strong>Szkaros</strong></span> <span class='ocrx_word' id='word_1_182' title='bbox 2179 3222 2255 3281; x_wconf 86' lang='lat' dir='ltr'><strong>et</strong></span> 
     </span>
     <span class='ocr_line' id='line_1_27' title="bbox 126 3301 2248 3408; baseline 0.004 -34"><span class='ocrx_word' id='word_1_183' title='bbox 126 3301 230 3377; x_wconf 84' lang='lat' dir='ltr'><strong>Kis</strong></span> <span class='ocrx_word' id='word_1_184' title='bbox 260 3307 567 3408; x_wconf 84' lang='lat' dir='ltr'><strong>Runya,</strong></span> <span class='ocrx_word' id='word_1_185' title='bbox 623 3310 766 3383; x_wconf 89' lang='lat' dir='ltr'><strong>alio</strong></span> <span class='ocrx_word' id='word_1_186' title='bbox 814 3312 1113 3385; x_wconf 87' lang='lat' dir='ltr'><strong>nomine</strong></span> <span class='ocrx_word' id='word_1_187' title='bbox 1150 3312 1284 3384; x_wconf 86' lang='lat' dir='ltr'><strong>Kis</strong></span> <span class='ocrx_word' id='word_1_188' title='bbox 1318 3310 1578 3385; x_wconf 84' lang='lat' dir='ltr'><strong>Hanva</strong></span> <span class='ocrx_word' id='word_1_189' title='bbox 1616 3328 2093 3399; x_wconf 81' lang='lat' dir='ltr'><strong>vocatarum,</strong></span> <span class='ocrx_word' id='word_1_190' title='bbox 2147 3312 2248 3383; x_wconf 81' lang='lat' dir='ltr'><strong>vi·</strong></span> 
     </span>
     <span class='ocr_line' id='line_1_28' title="bbox 126 3409 2255 3520; baseline 0.006 -40"><span class='ocrx_word' id='word_1_191' title='bbox 126 3409 421 3489; x_wconf 82' lang='lat' dir='ltr'><strong>cinorum</strong></span> <span class='ocrx_word' id='word_1_192' title='bbox 465 3432 542 3490; x_wconf 84' lang='lat' dir='ltr'><strong>et</strong></span> <span class='ocrx_word' id='word_1_193' title='bbox 574 3434 1254 3514; x_wconf 73' lang='lat' dir='ltr'><strong>commetaneorum</strong></span> <span class='ocrx_word' id='word_1_194' title='bbox 1301 3417 1627 3519; x_wconf 65' lang='lat' dir='ltr'><strong>ipsarum</strong></span> <span class='ocrx_word' id='word_1_195' title='bbox 1675 3419 2010 3520; x_wconf 86' lang='lat' dir='ltr'><strong>legitimis</strong></span> <span class='ocrx_word' id='word_1_196' title='bbox 2058 3442 2255 3492; x_wconf 88' lang='lat' dir='ltr'><strong>con-</strong></span> 
     </span>
     <span class='ocr_line' id='line_1_29' title="bbox 125 3519 2255 3628; baseline 0.007 -44"><span class='ocrx_word' id='word_1_197' title='bbox 125 3521 593 3595; x_wconf 86' lang='lat' dir='ltr'><strong>uocationibus</strong></span> <span class='ocrx_word' id='word_1_198' title='bbox 630 3519 1092 3626; x_wconf 79' lang='lat' dir='ltr'><strong>praehabitis,</strong></span> <span class='ocrx_word' id='word_1_199' title='bbox 1135 3540 1213 3598; x_wconf 86' lang='lat' dir='ltr'><strong>et</strong></span> <span class='ocrx_word' id='word_1_200' title='bbox 1248 3526 1585 3628; x_wconf 87' lang='lat' dir='ltr'><strong>partibus</strong></span> <span class='ocrx_word' id='word_1_201' title='bbox 1624 3522 2019 3628; x_wconf 87' lang='lat' dir='ltr'><strong>praedictis</strong></span> <span class='ocrx_word' id='word_1_202' title='bbox 2051 3550 2255 3626; x_wconf 86' lang='lat' dir='ltr'><strong>prae·</strong></span> 
     </span>
     <span class='ocr_line' id='line_1_30' title="bbox 126 3621 2252 3733; baseline 0.006 -40"><span class='ocrx_word' id='word_1_203' title='bbox 126 3624 443 3722; x_wconf 74' lang='lat' dir='ltr'><strong>sentibus,</strong></span> <span class='ocrx_word' id='word_1_204' title='bbox 502 3632 931 3718; x_wconf 74' lang='lat' dir='ltr'><strong>accessisse,</strong></span> <span class='ocrx_word' id='word_1_205' title='bbox 985 3621 1385 3731; x_wconf 79' lang='lat' dir='ltr'><strong>habitaque</strong></span> <span class='ocrx_word' id='word_1_206' title='bbox 1428 3634 1630 3733; x_wconf 86' lang='lat' dir='ltr'><strong>prius</strong></span> <span class='ocrx_word' id='word_1_207' title='bbox 1658 3632 1977 3732; x_wconf 78' lang='lat' dir='ltr'><strong>legitima</strong></span> <span class='ocrx_word' id='word_1_208' title='bbox 2014 3656 2252 3705; x_wconf 87' lang='lat' dir='ltr'><strong>ream-</strong></span> 
     </span>
     <span class='ocr_line' id='line_1_31' title="bbox 129 3722 2253 3842; baseline 0.006 -42"><span class='ocrx_word' id='word_1_209' title='bbox 129 3722 462 3838; x_wconf 79' lang='lat' dir='ltr'><strong>bulatione</strong></span> <span class='ocrx_word' id='word_1_210' title='bbox 508 3737 930 3836; x_wconf 79' lang='lat' dir='ltr'><strong>earumdem</strong></span> <span class='ocrx_word' id='word_1_211' title='bbox 958 3788 986 3824; x_wconf 85' lang='lat'><strong>,</strong></span> <span class='ocrx_word' id='word_1_212' title='bbox 1042 3756 1566 3842; x_wconf 71' lang='lat' dir='ltr'><strong>praeattactam</strong></span> <span class='ocrx_word' id='word_1_213' title='bbox 1607 3736 2027 3839; x_wconf 86' lang='lat' dir='ltr'><strong>portionem</strong></span> <span class='ocrx_word' id='word_1_214' title='bbox 2070 3755 2253 3842; x_wconf 80' lang='lat' dir='ltr'><strong>pos·-</strong></span> 
     </span>
     <span class='ocr_line' id='line_1_32' title="bbox 131 3839 2251 3946; baseline 0.003 -37"><span class='ocrx_word' id='word_1_215' title='bbox 131 3839 589 3916; x_wconf 72' lang='lat' dir='ltr'><strong>sessionariam</strong></span> <span class='ocrx_word' id='word_1_216' title='bbox 629 3845 956 3919; x_wconf 87' lang='lat' dir='ltr'><strong>annotati</strong></span> <span class='ocrx_word' id='word_1_217' title='bbox 996 3842 1372 3946; x_wconf 88' lang='lat' dir='ltr'><strong>quondam</strong></span> <span class='ocrx_word' id='word_1_218' title='bbox 1411 3842 1742 3934; x_wconf 83' lang='lat' dir='ltr'><strong>Alberti,</strong></span> <span class='ocrx_word' id='word_1_219' title='bbox 1791 3841 1926 3917; x_wconf 80' lang='lat' dir='ltr'><strong>filii</strong></span> <span class='ocrx_word' id='word_1_220' title='bbox 1962 3842 2251 3936; x_wconf 85' lang='lat' dir='ltr'><strong>Jacobi,</strong></span> 
     </span>
    </p>
   </div>
   <div class='ocr_carea' id='block_1_3' title="bbox 134 3936 2348 4055">
    <p class='ocr_par' dir='ltr' id='par_1_4' title="bbox 134 3936 2348 4055">
     <span class='ocr_line' id='line_1_33' title="bbox 134 3936 2348 4055; baseline 0.006 -43"><span class='ocrx_word' id='word_1_221' title='bbox 134 3936 450 4019; x_wconf 75' lang='lat' dir='ltr'><strong>ineadem</strong></span> <span class='ocrx_word' id='word_1_222' title='bbox 488 3947 758 4024; x_wconf 79' lang='lat' dir='ltr'><strong>Skaros</strong></span> <span class='ocrx_word' id='word_1_223' title='bbox 793 3946 1115 4024; x_wconf 87' lang='lat' dir='ltr'><strong>habitam</strong></span> <span class='ocrx_word' id='word_1_224' title='bbox 1144 4006 1164 4039; x_wconf 91' lang='lat'>‚</span> <span class='ocrx_word' id='word_1_225' title='bbox 1218 3974 1361 4025; x_wconf 86' lang='lat' dir='ltr'><strong>nec</strong></span> <span class='ocrx_word' id='word_1_226' title='bbox 1416 3976 1563 4025; x_wconf 85' lang='lat' dir='ltr'><strong>non</strong></span> <span class='ocrx_word' id='word_1_227' title='bbox 1615 3949 2017 4055; x_wconf 82' lang='lat' dir='ltr'><strong>praefatam</strong></span> <span class='ocrx_word' id='word_1_228' title='bbox 2062 3975 2251 4054; x_wconf 87' lang='lat' dir='ltr'><strong>pos-</strong></span> <span class='ocrx_word' id='word_1_229' title='bbox 2341 3971 2348 3980; x_wconf 84' lang='grc'><strong>’</strong></span> 
     </span>
    </p>
   </div>
   <div class='ocr_carea' id='block_1_4' title="bbox 135 4050 2251 4180">
    <p class='ocr_par' dir='ltr' id='par_1_5' title="bbox 135 4050 2251 4180">
     <span class='ocr_line' id='line_1_34' title="bbox 135 4050 2251 4180; baseline 0.008 -63"><span class='ocrx_word' id='word_1_230' title='bbox 135 4050 485 4129; x_wconf 70' lang='lat' dir='ltr'><strong>sessionem</strong></span> <span class='ocrx_word' id='word_1_231' title='bbox 528 4056 1023 4160; x_wconf 78' lang='lat' dir='ltr'><strong>Kis-Bunya,</strong></span> <span class='ocrx_word' id='word_1_232' title='bbox 1080 4057 1226 4160; x_wconf 80' lang='lat' dir='ltr'><strong>alio</strong></span> <span class='ocrx_word' id='word_1_233' title='bbox 1260 4058 1564 4133; x_wconf 83' lang='lat' dir='ltr'><strong>nomine</strong></span> <span class='ocrx_word' id='word_1_234' title='bbox 1599 4057 2074 4180; x_wconf 64' lang='lat' dir='ltr'><strong>Risi-flama,</strong></span> <span class='ocrx_word' id='word_1_235' title='bbox 2119 4083 2251 4160; x_wconf 87' lang='lat' dir='ltr'><strong>ap·</strong></span> 
     </span>
    </p>
   </div>
   <div class='ocr_carea' id='block_1_5' title="bbox 135 4150 2251 4268">
    <p class='ocr_par' dir='ltr' id='par_1_6' title="bbox 135 4150 2251 4268">
     <span class='ocr_line' id='line_1_35' title="bbox 135 4150 2251 4268; baseline 0.003 -34"><span class='ocrx_word' id='word_1_236' title='bbox 135 4150 466 4258; x_wconf 74' lang='lat' dir='ltr'><strong>pellatam,</strong></span> <span class='ocrx_word' id='word_1_237' title='bbox 517 4188 692 4240; x_wconf 88' lang='lat' dir='ltr'><strong>cum</strong></span> <span class='ocrx_word' id='word_1_238' title='bbox 737 4160 1201 4266; x_wconf 78' lang='lat' dir='ltr'><strong>quibuslibet</strong></span> <span class='ocrx_word' id='word_1_239' title='bbox 1246 4162 1682 4246; x_wconf 73' lang='lat' dir='ltr'><strong>vtilitatibm</strong></span> <span class='ocrx_word' id='word_1_240' title='bbox 1730 4181 1811 4242; x_wconf 86' lang='lat' dir='ltr'><strong>et</strong></span> <span class='ocrx_word' id='word_1_241' title='bbox 1857 4181 2251 4268; x_wconf 44' lang='lat' dir='ltr'><strong>pertine&amp;</strong></span> 
     </span>
    </p>
   </div>
   <div class='ocr_carea' id='block_1_6' title="bbox 2458 669 2466 702">
    <p class='ocr_par' dir='ltr' id='par_1_7' title="bbox 2458 669 2466 702">
     <span class='ocr_line' id='line_1_36' title="bbox 2458 669 2466 702; baseline 0 0"><span class='ocrx_word' id='word_1_242' title='bbox 2458 669 2466 702; x_wconf 84' lang='lat' dir='ltr'><strong>l</strong></span> 
     </span>
    </p>
   </div>
  </div>
 </body>
</html>
