2875 4842
1857 352 2211 458 fs7⁷

90 603 198 664 et
276 589 694 669 minacibus
744 589 1022 680 oculis,
1078 590 1610 699 animaduerti,
1685 578 1965 693 inquit,
2021 594 2318 699 Hunga·

87 698 397 772 ri‘vos
444 701 589 778 huc
647 727 765 776 nge
824 716 1118 807 captum
1165 701 1525 796 ..tcnisse3
1609 701 1738 793 sed
1794 701 2067 779 videbo
2122 724 2312 803 ego,

95 803 306 902 quis
366 826 694 884 vestrum
774 826 920 884 tam
963 805 1259 893 audax,
1323 815 1505 882 'tam
1569 812 2059 902 temerarius,
2132 823 2312 884 tam·

103 934 288 1012 que
337 915 771 1009 sceleratas,
827 916 1001 1006 erit,
1057 931 1135 988 vt
1189 913 1268 988 in
1313 942 1560 1016 regem
1605 944 1808 992 suum
1851 942 2104 990 manus
2149 917 2317 991 inii·

110 1021 285 1094 ciat
307 1073 333 1112 ,
364 1022 735 1125 simulque
759 1021 946 1097 hanc
977 1022 1197 1094 sicam
1227 1022 1297 1093 in
1332 1039 1667 1098 ventrem
1706 1026 1858 1098 eius
1886 1023 2312 1117 recondam,

107 1150 228 1200 ne
275 1129 679 1233 impunitus
719 1129 993 1232 regiam
1030 1127 1475 1231 maiestatem
1504 1127 1805 1205 laeserit.
1846 1128 2126 1204 Eccum
2161 1154 2308 1224 mc,

105 1244 270 1308 cur
308 1262 461 1312 non
498 1233 1104 1342 apprehenditis?
1140 1232 1312 1336 Lig'a
1341 1259 1471 1309 mc
1494 1291 1515 1328 ,
1557 1237 1888 1339 quisquis
1926 1261 2006 1310 es
2043 1236 2309 1326 audax,

107 1341 391 1444 accipe
456 1368 705 1446 regem
769 1362 1016 1439 tuum,
1094 1365 1236 1417 nec
1283 1358 1356 1417 te
1394 1341 1771 1436 homines,
1827 1368 1966 1416 nec
2033 1341 2308 1445 Superi

109 1446 577 1550 impunitum
623 1451 1071 1552 relinquent.
1129 1449 1503 1524 Exterruit
1542 1455 1790 1552 itaque
1827 1470 2082 1523 omnes
2115 1460 2306 1537 con-

111 1553 884 1660 stantia'Saegismundi
938 1581 1025 1630 ac
1079 1559 1650 1659 magnanimitas.
1724 1559 1987 1657 ltaque
2034 1553 2304 1658 singuli
2364 1614 2369 1625 .

112 1686 481 1735 excusare
516 1689 594 1737 se
624 1680 1082 1767 coeperunt,
1139 1690 1232 1735 ne
1273 1663 1439 1736 talia
1490 1661 1582 1738 de
1639 1687 1717 1738 se
1773 1661 2299 1757 crederentur3

113 1793 314 1869 quos
333 1765 835 1871 sigismundus
875 1767 1241 1872 paullatim
1285 1772 1489 1844 exire
1527 1770 1758 1863 iussit,
1804 1793 2129 1870 suaeque
2166 1793 2298 1842 cu·
2327 1780 2345 1801 ”

113 1874 402 1950 stodiae
436 1879 662 1980 magis
697 1877 910 1952 cauit.
966 1873 1458 1953 Exinde.ct'2m
1519 1873 1611 1952 de
1666 1874 2294 1981 conspiratoribus

109 1982 519 2059 instructus
567 2001 790 2077 esset,
845 1984 1097 2058 citieus
1155 1983 1227 2056 in
1271 2007 1610 2087 campos,
1668 1984 1989 2058 Bai-ones
2035 2006 2292 2058 omnes

115 2086 370 2183 adesse
410 2091 659 2177 iussit,
695 2086 1116 2192 vocansque
1152 2087 1481 2188 singulos
1516 2090 1608 2165 ad
1648 2090 2049 2167 tentorium
2077 2113 2291 2164 suum

115 2196 480 2288 seorsim,
536 2197 848 2300 triginta.
872 2222 966 2273 ex
1006 2194 1453 2288 maioribus,
1512 2222 1737 2272 vnum
1794 2211 1961 2300 post
2014 2194 2290 2291 alium,

115 2303 360 2402 capite
394 2304 807 2397 truncauit,
863 2302 1405 2407 cecidissetque
1442 2301 1734 2407 plureS,
1802 2303 1942 2379 nisi
1992 2300 2327 2402 sanguis'

114 2410 497 2485 occisionis
533 2407 893 2485 indicium
930 2426 1141 2486 extra
1166 2412 1564 2485 tentorium
1604 2408 1936 2503 fecisset3
1979 2434 2145 2510 quo
2166 2405 2290 2481 ad·
2388 2454 2411 2469 -

115 2517 374 2627 moniti
407 2515 574 2607 alii,
634 2520 744 2593 ire
789 2515 1221 2600 noluerunt,
1296 2516 1935 2620 quamuisvocati.
2017 2515 2282 2591 Postea
2330 2538 2335 2545 ·

1 2718 2 2723 Ἰ
118 2649 336 2717 vero,
390 2648 558 2697 cum
602 2626 745 2699 iam
780 2625 1063 2726 Regina
1097 2641 1413 2700 mortem
1455 2622 1794 2716 obiisset,
1852 2622 2118 2699 seditio
2156 2622 2279 2697 fa·-

1 2744 2 2831 Ϊ
117 2746 233 2805 cta
267 2746 367 2805 est
396 2728 471 2805 in
499 2755 763 2832 regno,
794 2729 1460 2835 sigismundusque
1489 2759 1530 2805 a
1558 2730 1971 2806 Baronibus
1991 2743 2272 2834 captus,

1 2834 4 2845 ’
119 2834 401 2913 duobus
434 2835 1066 2939 adolescentibus,
1121 2840 1278 2913 siue
1312 2835 1739 2923 iuuenibus.
1797 2862 2120 2943 quorum
2155 2860 2278 2942 pa-

1 2964 4 3047 j
119 2960 235 3019 ter
273 2938 406 3018 sub
443 2949 767 3023 tentorio
803 2947 1089 3021 occisus
1137 2943 1405 3036 fuerat,
1464 2944 1798 3021 traditur.
1856 2945 2015 3019 Nec
2076 2946 2272 3019 enim

1 3068 4 3079 ’
118 3046 412 3124 dubium
450 3052 661 3126 alicui
691 3070 885 3134 erat,
943 3053 1120 3154 quin
1158 3050 1471 3128 iuuenes
1494 3052 1568 3125 in
1608 3051 1963 3127 vltionem
2014 3066 2273 3154 pater—

1 3150 4 3185 ³
123 3181 256 3231 nae
293 3159 548 3233 mortis
580 3158 888 3234 diuersis
921 3157 1370 3239 cruciatibus
1404 3184 1656 3262 regem
1688 3156 2137 3234 occiderent.
2172 3155 2274 3229 At
2389 3228 2397 3237 ,

125 3259 662 3365 sigismundus,
717 3264 846 3359 vbi
880 3290 956 3340 se
986 3280 1286 3368 captum
1365 3264 1602 3358 videt,
1678 3281 1754 3341 et
1807 3267 1879 3340 in
1931 3260 2271 3338 manibus
2328 3310 2347 3331 .

121 3364 414 3446 bostium
452 3370 936 3468 acerborum,
991 3371 1080 3446 ad
1131 3398 1389 3475 preces
1425 3371 1795 3464 recurrit,
1867 3371 2270 3470 multisque

121 3475 345 3552 verbis
401 3480 705 3556 iuuenes
764 3477 1232 3565 adhortatur,
1289 3498 1373 3554 vt
1418 3505 1499 3553 se
1552 3478 1893 3553 liberent.
1970 3473 2123 3551 Sed
2163 3475 2270 3549 illi

118 3600 443 3687 paternae
483 3586 700 3698 ‘necis
731 3609 1144 3679 memores»,
1199 3583 1568 3659 vindictae
1619 3583 2036 3689 cupidiores
2093 3580 2263 3658 fue-
2359 3656 2364 3663 .

118 3705 316 3782 runt,
370 3715 586 3791 quam
621 3694 916 3776 veniae,
968 3717 1107 3766 nec
1148 3689 1374 3766 vllum
1424 3691 1774 3793 precibus
1829 3686 2068 3766 locum
2127 3686 2264 3764 da-

123 3793 302 3871 bant.
350 3801 538 3876 Tum
593 3797 1106 3902 sigismundus
1147 3800 1456 3873 matrem
1493 3802 1846 3873 iuuenum
1882 3801 1956 3871 in
1995 3822 2268 3872 sermo-

120 3904 581 4006 nem‘poscit,
639 3933 859 4011 quam
911 3901 1424 3980 ‹tt-foeminam
1459 3905 1897 4009 prudentem
1933 3919 2012 3979 et
2049 3908 2261 3977 iuue-

128 4036 287 4086 num
318 4015 704 4088 rectricem
740 4011 1042 4099 sciebat.
1074 4009 1208 4085 Illa
1249 4009 1342 4085 ad
1382 4011 1842 4118 colloquium
1881 4008 2305 4101 venientes„

130 4141 289 4222 ego,
333 4117 577 4228 inquit
615 4119 923 4218 mulier,
974 4118 1194 4228 plura
1238 4119 1383 4198 tuis
1434 4116 1600 4199 filiis
1642 4119 1799 4197 dixi
1821 4170 1847 4214 ‚
1900 4138 2094 4223 quae
2128 4129 2265 4193 sta-
