2875 4842
695 451 846 522 656

586 657 818 763 Hos}
797 678 972 753 ntes,
1047 674 1122 735 et
1173 658 1474 735 Incolae
1524 657 1857 736 Civitatis
1905 675 2197 736 nostrae
2249 657 2760 747 Posonieusis‚

590 783 934 875 tanquam
976 768 1203 843 nostti
1243 784 1317 842 et
1358 768 1583 871 ipsius
1631 767 1904 843 Sacrae
1965 768 2204 868 Regni
2260 767 2491 844 nostri
2543 767 2767 839 Hun—

585 878 828 977 gariae
869 875 1210 950 Coronae
1246 871 1541 966 fideles,
1615 901 1837 976 quam
1887 874 2136 977 plures
2187 891 2441 948 noctes
2499 874 2580 944 in
2636 898 2763 948 ex·

586 979 826 1054 cubiis
862 995 939 1054 et
977 982 1238 1085 vigiliis
1283 982 1702 1054 trahentes
1685 1005 2139 1083 nnsompnes,
2196 978 2528 1082 personis
2554 1034 2578 1068 ‚
2637 1006 2767 1052 re-

588 1085 878 1188 busque
910 1106 985 1162 et
1020 1041 1225 1161 bonis
1253 1112 1522 1161 eorum
1560 1110 1707 1160 non
1749 1104 2170 1189 parcentes,
2245 1105 2320 1160 et
2357 1085 2454 1159 de
2500 1085 2769 1162 eadem

587 1194 897 1297 Civitate
936 1220 1152 1296 saepe
1186 1194 1471 1299 saepius
1507 1197 1724 1279 armis
1763 1192 2047 1268 bellicis
2081 1193 2440 1267 decenter
2484 1191 2769 1284 fulciti,

584 1301 661 1373 in
700 1324 913 1375 manu
953 1298 1123 1373 forti
1164 1294 1627 1400 egrediemtes
1659 1354 1678 1389 ,
1750 1327 1915 1375 cum
1964 1299 2242 1374 eisdem
2290 1295 2647 1394 Bohemis
2696 1316 2773 1375 et

588 1405 912 1479 Mor-avis
949 1405 1272 1480 diversas
1308 1403 1830 1494 Stramuntias,
1889 1407 2259 1507 praeludia
2301 1423 2376 1477 et
2412 1408 2769 1479 certami-

590 1539 684 1584 na
723 1531 1145 1588 constanter
1185 1526 1263 1587 et·
1307 1512 1610 1586 viriliter
1643 1515 2130 1600 comiserunt,
2185 1529 2264 1586 et
2303 1536 2547 1612 usque
2581 1514 2657 1584 in
2684 1512 2766 1587 fi-

567 1644 760 1691 ·nem
822 1618 898 1691 in
943 1642 1116 1691 vera
1157 1635 1231 1692 et
1271 1642 1452 1717 pura
1500 1617 1670 1692 fidei
1706 1617 2125 1695 Constantia
2177 1637 2763 1743 perseverantes,

587 1720 944 1798 Maiestati
985 1742 1275 1799 nostrae
1313 1743 1472 1800 toto
1510 1748 1722 1848 posse
1763 1723 2102 1800 exhibitis
2127 1744 2200 1799 et
2240 1725 2621 1827 impensis,
2663 1729 2767 1799 si-

585 1830 740 1903 mul
784 1856 954 1904 cum
996 1834 1411 1906 exemtione
1445 1861 1485 1905 a
1524 1830 2000 1925 tricesimaria
2044 1833 2411 1907 solutione
2453 1856 2764 1932 praeno·

587 1951 733 2010 tata
757 1991 777 2027 ,
833 1963 918 2010 ac
944 1937 1100 2011 aliis
1133 1939 1473 2012 omnibus
1511 1955 1585 2013 et
1620 1938 1975 2038 singuiis
1955 1966 2027 2010 m
2064 1940 2208 2011 iam
2248 1955 2617 2013 tectarum
2653 1939 2762 2012 lit·

587 2058 915 2119 terarum
964 2043 1268 2146 praefati
1310 2044 1622 2118 condam
1650 2046 1946 2117 Domini
1994 2042 2355 2120 Ludouici
2396 2046 2630 2147 Regis
2670 2060 2763 2118 te·

584 2176 771 2224 nore
810 2150 1173 2224 contentis
1196 2167 1270 2226 et
1302 2147 1771 2251 specificatis,
1811 2176 2015 2224 mera
2040 2152 2480 2250 auctoritate
2520 2167 2602 2225 et
2642 2175 2762 2249 po·

583 2258 856 2331 testatis
901 2253 1390 2354 plenitudine,
1463 2280 1554 2331 ex
1613 2273 1964 2355 certaque
2021 2272 2313 2331 nostrae
2360 2257 2761 2330 Maiestatis

584 2384 725 2461 pro
777 2363 1163 2464 praetactis
1199 2362 1541 2451 ciuibus,
1604 2363 2028 2463 Hospitibns
2072 2380 2146 2437 et
2202 2363 2476 2437 Incolis
2535 2389 2761 2464 prae-

582 2464 777 2542 fatae
813 2467 1141 2545 Civitatis
1185 2488 1478 2542 nostrae
1526 2469 1978 2544 posoniensis
2009 2496 2094 2543 ac
2133 2494 2399 2542 eorum
2444 2473 2761 2568 posteris

584 2575 988 2665 universis,
1063 2591 1144 2649 ut
1202 2573 1417 2648 iidem
1476 2579 1549 2648 in
1618 2575 1949 2650 futurum
1977 2585 2009 2668 ,⁸
2051 2576 2262 2650 sicuti
2307 2598 2634 2648 numero
2688 2592 2761 2651 et

581 2704 1063 2781 personarum
1104 2679 1559 2784 pluralitate,
1612 2684 1718 2756 sic
1752 2686 1970 2755 etiam
2020 2681 2163 2755 fide
2217 2699 2294 2755 et
2347 2681 2757 2757 devotione

580 2804 1015 2888 augeantur,
1072 2788 1535 2870 innovantes,
1573 2808 1933 2891 perpetuo
1989 2788 2332 2863 valituras
2368 2787 2759 2862 confirma-

581 2917 761 2969 mus.
820 2894 1251 2968 Mandantes
1293 2896 1574 2969 idcirco
1619 2897 1974 2970 universis
2010 2910 2087 2968 et
2134 2894 2441 2991 singulis
2481 2891 2757 2968 Trice-

578 2997 1046 3075 simatoribus
1085 3017 1160 3076 et
1197 3002 1358 3076 vice
1394 3000 2081 3077 Tricesimatornbus
2120 3005 2193 3074 in
2248 3001 2578 3102 praefata
2636 3001 2756 3076 Ci-

580 3108 799 3182 vitate
832 3129 1076 3181 nostra
1096 3108 1519 3209 Posoniensi
1556 3136 1688 3208 pro
1712 3126 2045 3210 tempore
2075 3110 2512 3193 constitutis,
2549 3135 2755 3208 prae·

576 3214 787 3288 missa
841 3232 915 3288 et
976 3215 1276 3317 quaevis
1339 3217 1905 3315 praemissorum
1963 3212 2241 3314 singula
2297 3216 2373 3288 in
2445 3213 2751 3288 Litteris

575 3320 880 3423 praefati
932 3321 1217 3396 Domini
1257 3321 1618 3395 Ludorici
1658 3324 1877 3424 Regis
1901 3337 2242 3395 contenta
2276 3337 2352 3392 et
2393 3320 2749 3422 significa-

578 3442 644 3499 ta
674 3429 1103 3502 inconcusse
1121 3445 1195 3500 et
1229 3426 2160 3517 inviolabiliter'observare
2204 3426 2549 3500 omnibns
2576 3454 2737 3499 mo-

576 3532 724 3620 dis,
767 3535 1165 3634 piaesentis
1209 3537 1628 3655 piaescripti
1668 3537 1901 3633 nostti
1945 3533 2266 3607 mandati
2316 3535 2732 3634 patrocinio

571 3638 960 3713 mediante.
998 3645 1079 3716 Iu
1115 3645 1323 3715 cuius
1361 3644 1467 3714 rei
1512 3643 1935 3715 memoriam
1970 3640 2548 3742 firmitatemque
2584 3665 2742 3740 per·

456 3758 462 3767 ’
571 3760 862 3844 petuam
910 3764 1323 3848 praesentes
1359 3748 1850 3823 concessimus
1887 3748 2195 3822 Litteras
2240 3760 2527 3820 nostras
2576 3748 2741 3845 pri·-

570 3849 938 3949 vilegiales
991 3855 1374 3954 pendentis
1421 3856 1802 3929 autentici.
1836 3857 2011 3928 novi
2069 3850 2407 3954 duplicis
2432 3852 2738 3927 maioris

481 3958 482 3965 '
567 3957 779 4060 sigilli
825 3962 1051 4034 nostri
1092 3960 1483 4062 praedicti,
1545 3986 1708 4059 quo,
1758 3977 1839 4035 ut
1900 3961 2062 4033 Rex
2104 3960 2524 4060 Hungariae
2584 3961 2739 4031 uti-

568 4084 772 4156 mur,
829 4068 1234 4154 munimine
1271 4067 1673 4145 roboratas.
1741 4070 2002 4143 Datum
2040 4094 2177 4168 per
2208 4090 2464 4140 manns
2509 4090 2733 4137 vene-

569 4170 811 4246 rabilis
853 4172 1146 4250 Domini
1183 4173 1499 4249 Mathiae
1535 4172 1630 4249 de
1665 4172 2131 4255 Gathalowcz
2158 4173 2570 4276 Praepositi
2595 4172 2733 4245 Ec-
