2875 4842
723 429 880 502 304

553 653 560 661 ’
603 644 773 725 chio
812 660 887 719 et
907 642 1634 752 Dominusuorauie
1672 661 1814 723 etc.
1848 645 2135 724 Notum¹
2168 643 2466 725 facimus
2504 665 2718 726 tenore

604 752 1069 858 presencium
1111 752 1492 827 vniuersis.
1565 753 1789 841 Quod
1822 779 1958 829 nos
1996 755 2101 830 ob
2150 750 2470 832 fraterne
2508 757 2722 836 carita·.

606 864 710 937 tiu
740 861 1115 933 internum
1152 884 1478 934 amorem
1504 912 1525 949 ‚
1550 899 1565 912 =
1586 877 1737 960 quo
1768 863 1917 935 tam
1951 888 2047 937 ex
2086 860 2342 937 debito
2375 863 2715 966 sanguinis,

604 993 758 1072 quo
813 966 1192 1041 coniuncti
1245 957 1734 1049 dinoscimur,
1792 993 2014 1070 quam
2066 971 2377 1072 antiqua·
2420 972 2717 1047 diuorum

601 1069 1168 1180 progenitorum
1225 1091 1654 1148 nostrorum
1708 1074 1782 1146 in
1843 1101 1975 1150 nos
2039 1074 2366 1152 deriuata
2428 1072 2714 1152 familiari

599 1181 1001 1257 affeccione
1039 1181 1355 1254 inuicem
1399 1178 1709 1279 diligere
1748 1205 1881 1255 nos
1911 1205 2296 1259 censemus
2328 1184 2584 1272 teneri,
2624 1178 2719 1264 ad·¹

597 1281 740 1365 hoc
778 1284 1128 1389 singulari
1166 1284 1409 1361 studio
1451 1285 1883 1379 innitimur,
1928 1311 2082 1389 quo
2125 1292 2526 1394 prescripta
2562 1289 2719 1361 inter

600 1394 1115 1501 progenitores
1168 1409 1500 1486 nostros,
1591 1386 1853 1468 et.n'os
1914 1396 2188 1470 vnione
2226 1391 2714 1471 'indossolubili

595 1495 994 1577 recollecta
1055 1516 1126 1573 et
1173 1495 1454 1573 firmata
1515 1501 1917 1575 reuirescat·
1962 1498 2285 1578 dileccio
2333 1519 2601 1592 mutua,
2645 1522 2711 1572 ac

595 1635 738 1713 pax
788 1608 1052 1700 terris,
1107 1606 1570 1705 tranquilitas
1632 1601 1972 1682 fidelibus
2020 1611 2289 1685 nostris
2339 1626 2413 1685 et
2451 1601 2713 1684 finaliter

595 1714 807 1789 nobis
863 1715 1040 1817 ipsis
1105 1711 1372 1787 exinde
1423 1711 1656 1815 gloria
1728 1711 2102 1816 profectus
2163 1735 2242 1792 et
2294 1713 2709 1794 commodum

593 1837 1116 1923 procurentur.
1200 1817 1323 1892 Ob
1359 1816 1503 1894 boc
1557 1819 1804 1894 animo
1854 1818 2309 1917 deliberato,
2361 1848 2527 1900 sano
2574 1822 2708 1895 Pre-

594 1927 906 2003 latorum
950 1943 1025 2001 et
1061 1925 1436 2000 Beronum
1471 1943 1891 2003 nostrorum
1927 1919 2242 2031 accepto
2283 1929 2602 2020 consilio,
2629 1926 2706 1999 li·-

589 2023 923 2134 gam‘seu
951 2033 1315 2106 *vnionem
1345 2057 1483 2135 per
1514 2055 1654 2108 nos
1691 2034 2014 2109 inuicem
2059 2035 2581 2114 obseruandam
2620 2034 2706 2105 in-

587 2133 985 2217 fallibiliter
1021 2139 1363 2214 iniuimns
1386 2192 1407 2233 ‚
1466 2161 1602 2240 per
1635 2138 1832 2215 hunc
1870 2138 2172 2222 modurn
2196 2195 2218 2235 ‚
2277 2143 2513 2218 Primo
2542 2136 2704 2216 vide-

589 2245 824 2339 licet,·
862 2243 1069 2347 quod
1110 2239 1376 2320 omnes
1424 2259 1577 2319 tres
1619 2245 1918 2322 insimul
1956 2264 2032 2322 et
2070 2249 2384 2349 quilibet
2426 2264 2701 2326 nostrum

584 2353 889 2457 reliquis
929 2351 1220 2426 duobus
1268 2368 1345 2426 et
1395 2351 1725 2456 ipsorum
1775 2354 2080 2429 cuilibet
2111 2395 2139 2448 ‚1
2186 2357 2262 2430 in
2305 2353 2617 2432 omnibus
2645 2367 2704 2424 et

584 2460 920 2563 singulis,
977 2481 1127 2557 que
1175 2453 1538 2540 honorem
1589 2458 2121 2536 exaltacionem
2168 2460 2615 2542 commodum
2647 2470 2705 2530 et

589 2564 1007 2670 profectum
1071 2562 1447 2658 nostrum,
1538 2583 1613 2641 et
1672 2566 2126 2666 singulorum
2164 2561 2571 2671 regnorum-
2604 2587 2703 2638 no·

582 2691 983 2765 stt-orum,t
1003 2666 1418 2765 ductilium,
1472 2688 1548 2746 et
1594 2688 1957 2746 terrarum
1998 2678 2495 2778 prospiciunt,
2543 2665 2702 2746 omni

465 2827 470 2831 -
580 2803 799 2888 posse
841 2794 916 2852 et
954 2774 1230 2851 viribus
1265 2777 1534 2853 nostris
1587 2780 1969 2882 oportunis
2009 2780 2327 2858 consiliis
2362 2802 2437 2862 et
2468 2775 2701 2853 auxili&

580 2887 920 2960 assistere
954 2882 1355 2958 debeamus
1392 2880 1751 2981 fideliter,
1804 2901 1877 2960 et
1918 2884 2233 2989 idipsum
2278 2884 2700 2965 effectualiter

578 2989 1026 3096 adimplere,
1086 2987 1282 3065 bona
1316 2986 1460 3063 fide
1498 3008 1575 3066 et
1606 2992 1764 3068 sine
1803 2991 1982 3068 dolo
2026 2995 2360 3098 quolibet
2395 2987 2700 3099 promitti·

575 3125 736 3175 mus
774 3115 850 3174 et
886 3094 1375 3202 spondemus,
1430 3123 1571 3173 nec
1630 3124 1783 3174 non
1816 3097 2167 3178 aduersus
2211 3104 2567 3178 inuasores
2593 3114 2697 3169 seu

577 3222 1059 3312 occupatores
1119 3229 1522 3312 regnorum
1580 3205 1995 3281 Ducatuum
2059 3224 2134 3284 et
2180 3224 2533 3285 terrarum
2583 3224 2698 3275 no-

574 3331 934 3408 strorum,
989 3329 1067 3387 et
1101 3324 1461 3402 ‚nostrum
1524 3311 1961 3408 cuiuslibet,
2016 3315 2520 3417 cuiuscunque
2562 3329 2696 3412 pre·

576 3421 942 3496 minencie
988 3415 1355 3519 dignitatis
1386 3433 1615 3492 status
1658 3416 1926 3520 gradus
1959 3440 2084 3497 aut
2121 3419 2550 3498 conditionis
2576 3412 2694 3488 exi·

571 3523 805 3610 stant.
861 3544 937 3602 et
973 3525 1358 3627 presertim
1398 3549 1569 3620 eos,
1625 3526 1759 3626 qui
1793 3525 2183 3625 quibusuis
2227 3529 2523 3604 sinistris
2563 3545 2692 3595 ma-

531 3693 538 3698 .
572 3629 1127 3707 chinacionibus
1157 3625 1502 3733 quemuis
1533 3627 1866 3708 nostrum
1896 3635 1971 3707 in
2010 3661 2333 3739 corpore
2360 3660 2484 3711 seu
2507 3625 2692 3703 rebus

567 3735 819 3812 ledere
888 3734 1251 3839 impedire
1311 3751 1434 3813 aut
1492 3738 1881 3816 molestare
1945 3759 2393 3842 satagerent,
2461 3749 2573 3813 aut
2617 3726 2691 3801 de

419 3928 426 3935 ,
563 3842 760 3919 facto
800 3842 1187 3918 temerarie
1229 3858 1353 3919 aut
1389 3844 1658 3922 iniuste
1698 3871 1929 3949 regna
1969 3845 2275 3925 ducatus
2312 3837 2686 3952 prouincias
2727 3833 2739 3854 '

545 3968 642 4034 ,et
676 3961 1229 4025 terras-nostras
1263 3950 1377 4025 vel
1410 3951 1740 4028 cuiusuis
1773 3966 2109 4031 nostrum
2156 3956 2562 4061 opprimere
2591 3939 2687 4018 vel

557 4053 918 4133 hostiliter
959 4054 1309 4130 inuadere
1330 4111 1352 4147 ,
1404 4073 1532 4134 aut
1575 4062 1909 4162 quemuis
1965 4059 2293 4138 nostrum
2336 4053 2532 4165 quod
2566 4049 2678 4126 ab·

558 4165 654 4239 sit
687 4159 1086 4241 destituere
1116 4162 1541 4278 seu‘eiicere
1570 4163 1669 4241 ab
1711 4166 2029 4260 eisdem,
2084 4195 2218 4249 seu
2258 4170 2504 4248 eadem
2537 4182 2679 4237 con·
