2875 4842
718 411 870 485 642

607 624 1078 709 adiuridicas
1113 617 1664 729 Requisitiones
1717 614 2287 724 ipsius-Domini
2339 613 2777 720 sigismundi

607 736 839 839 Regis
899 758 1051 807 non
1108 725 1738 831 producentibus,
1791 746 1933 799 nec
1985 723 2407 799 huiusmodi
2466 724 2775 828 gratiose

603 862 686 934 ‚et
724 838 1264 948 praedictarum
1311 833 1755 907 Litterarum
1792 826 2146 935 saepefati
2176 829 2496 906 condam
2540 828 2779 902 Domi-

513 1006 522 1011 -
605 953 688 1035 ni
746 944 973 1022 Belae
1046 941 1272 1047 Regis
1339 938 1871 1014 rationabiliter
1950 936 2255 1013 obviare
2325 935 2776 1025 valentibus,

609 1049 1192 1163 quoquomodO,
1249 1071 1388 1119 nec
1429 1044 1946 1120 contravenire
1982 1070 2067 1127 ,se
2105 1042 2414 1146 amplius
2461 1044 2663 1118 velle
2695 1070 2781 1117 as·

605 1159 1066 1248 serentibus,
1123 1150 1431 1259 praefati
1486 1151 1726 1226 Judex
1783 1151 2175 1251 Juratique
2217 1148 2439 1225 Cives
2480 1149 2783 1254 praedi-

606 1291 765 1350 ctae
805 1263 1136 1343 Civitatis
1189 1257 1715 1359 strigoniensis
1773 1285 1909 1362 per
1961 1255 2417 1359 praedictum
2471 1257 2786 1334 condam
2874 1344 2875 1351 ἵ

607 1368 1015 1453 Dominum
1051 1364 1602 1469 sigismundum
1644 1368 2181 1468 Imperatorem
2215 1383 2289 1438 et
2337 1362 2633 1466 Regem
2671 1366 2783 1439 iu-
2874 1422 2875 1469 ἒ

599 1485 699 1561 ris
732 1479 1084 1554 medelam
1122 1471 1465 1579 praeberi
1499 1472 2033 1575 postulassent3
2068 1497 2328 1546 verum
2364 1476 2548 1572 quia
2590 1498 2781 1572 prae·

599 1589 1018 1667 nominatus
1076 1577 1390 1654 condam
1435 1576 1797 1652 Dominus
1844 1577 2024 1651 Bela
2075 1579 2240 1652 Rex
2281 1603 2510 1685 saepe
2552 1577 2781 1653 dictos

596 1699 967 1773 Armenos
1030 1712 1164 1761 suo
1229 1683 2034 1786 Praedecessorumque
2076 1709 2385 1759 suorum
2437 1684 2786 1787 tempori·

592 1792 737 1887 bus
779 1796 869 1873 ad
913 1791 1359 1898 praedictam
1405 1791 1866 1893 strigonium
1903 1807 2390 1893 congregatos
2428 1815 2527 1863 ex
2566 1793 2785 1867 serie-

565 1909 733 1984 ·hus
794 1898 1356 2001 privilegiorum
1442 1899 1772 1998 ipsorum
1854 1897 2519 1972 Praedecessorum
2622 1924 2783 1975 suo-

596 2040 765 2091 rum
806 2012 1098 2109 Regum
1161 2004 1254 2078 ab
1303 2004 1509 2078 omni
1559 2002 1949 2079 solutione
1984 1999 2405 2077 Tributaria
2449 2030 2630 2079 cum
2669 2031 2782 2079 eo-
2873 2000 2875 2077 ἒ

595 2147 764 2198 rum
812 2111 1315 2190 mercimoniis
1355 2110 1785 2210 ubicunque
1826 2108 2786 2188 locorumTributariorum

597 2228 794 2303 inter
847 2217 1205 2327 praedicti
1257 2216 1493 2318 Regni
1557 2213 1971 2317 Hungariae
2034 2218 2387 2289 terminos
2446 2217 2787 2293 facienda

597 2334 874 2411 liberos
916 2345 990 2402 et
1033 2342 1462 2427 exemptos,
1518 2348 1605 2397 ac
1657 2322 1911 2396 eadem
1972 2320 2310 2399 libertate
2363 2323 2783 2425 praedicto-

596 2460 762 2517 rum
821 2431 1470 2512 praedecessorum
1534 2454 1842 2502 suorum
1898 2447 1975 2505 et
2023 2454 2158 2504 suo
2211 2445 2557 2530 tempore
2622 2455 2781 2507 usos

597 2543 962 2624 exstitisse
1014 2560 1517 2641 cognoscens,
1575 2533 1830 2609 eadem
1885 2535 2265 2637 privilegia
2319 2562 2463 2638 pro
2499 2534 2783 2612 eisdem

521 2712 524 2717 ⁴
597 2651 928 2730 Civibus,
982 2644 1240 2747 vigore
1283 2639 1640 2718 dictarum
1698 2667 1994 2716 suarum
2036 2642 2486 2716 Litterarum
2538 2642 2785 2717 Privi-

600 2756 961 2859 legialium
992 2747 1423 2839 innovasse,
1483 2747 1801 2821 Domino
1848 2745 2318 2850 sigismundo
2358 2746 2549 2850 Regi
2588 2751 2790 2854 agni-

599 2883 760 2943 tum
812 2858 1106 2946 fuisset,
1163 2853 1470 2958 praefati
1516 2879 1821 2955 quoque
1881 2855 2177 2931 Domini
2223 2872 2296 2929 et
2346 2854 2669 2931 Nobiles
2710 2883 2787 2932 ac

604 2970 725 3049 alii
763 2962 1115 3072 praedicti
1148 2987 1369 3065 super
1406 2985 1665 3037 eorum
1703 2957 2033 3034 Tributis
2074 2961 2465 3064 praedictis·
2491 2964 2574 3036 in
2601 2962 2787 3037 Con·

605 3077 916 3156 trau-ium
975 3086 1386 3171 praetactae
1438 3066 1924 3166 exemptionis
1979 3083 2052 3140 et
2104 3065 2650 3145 Libet-tationis
2695 3068 2787 3143 di·

611 3204 901 3262 ctorum
961 3180 1456 3251 Armenorum
1514 3170 1810 3247 'Civium
1860 3199 1945 3247 ac
1995 3172 2379 3278 Hospitum
2420 3175 2783 3278 strigoni-

607 3291 896 3368 ensium
947 3312 988 3357 a
1028 3282 1422 3387 praemissa
1473 3276 1837 3355 solutione
1874 3280 2290 3379 Tributaria
2340 3281 2583 3375 factae
2630 3280 2781 3356 nul·

613 3397 717 3471 las
775 3393 1082 3471 Litteras
1138 3388 1266 3462 seu
1322 3385 1694 3461 Litteralia
1744 3388 2238 3477 Instrumenta
2284 3388 2381 3464 ad
2438 3388 2780 3492 juridica-s

503 3504 520 3509 ’
616 3500 1162 3601 Requisitiones
1196 3492 1420 3596 ipsius
1462 3490 1770 3566 condam
1817 3492 2117 3568 Domini
2156 3494 2607 3596 sigismundi
2645 3498 2781 3568 Re·

621 3610 732 3714 gis
775 3604 1129 3682 exhibere
1176 3594 1517 3691 valuisse,
1570 3598 1722 3671 imo
1771 3622 1912 3673 nec
1958 3604 2473 3677 contravenire
2526 3630 2609 3678 se
2642 3628 2786 3675 am-

563 3774 570 3785 .
616 3717 811 3820 plius
856 3710 1039 3785 velle
1091 3707 1483 3797 recitasse,
1540 3704 1797 3805 sicque
1854 3704 2076 3781 iidem
2128 3708 2344 3795 Cives
2394 3734 2481 3783 ac
2537 3708 2786 3811 Populi

617 3839 693 3898 et
735 3814 1078 3918 Hospites
1130 3810 1659 3913 strigonienses
1715 3810 1805 3884 ad
1846 3810 2271 3912 ulteriorem
2322 3814 2786 3891 solutionem

615 3923 1074 4015 tributariam
1129 3920 1208 3995 in
1263 3916 1447 3996 locis
1482 3918 1965 3994 Tributorum
2024 3920 2618 4022 praedictorum,
2676 3918 2786 3995 ha·

610 4035 937 4115 bitorum
976 4027 1237 4105 arctari
1277 4041 1355 4100 et
1397 4022 1742 4129 compelli
1776 4052 1931 4125 nqn
1968 4024 2246 4105 debere
2272 4083 2295 4122 ,
2349 4029 2490 4132 ipsi
2538 4030 2785 4106 Domi·

610 4168 714 4221 no
752 4131 1230 4243 sigismundo
1267 4149 1346 4209 et
1389 4132 1833 4239 Imperatori
1874 4148 1949 4209 et
1980 4134 2168 4243 Regi
2202 4134 2298 4215 ‘ac
2328 4135 2681 4233 Praelatis
2721 4148 2787 4213 et
