2875 4842
663 454 818 531 22⁰

1672 614 1693 644 S

750 669 923 729 ciens
948 709 965 742 ,
1011 671 1076 728 et
1118 664 1428 727 interitum
1474 663 1597 725 viri
1638 662 1737 724 sui
1776 657 2111 721 abhorrens
2131 644 2170 736 ,⁴
2196 656 2438 735 Regem
2477 659 2722 720 seorsim

754 752 1080 844 alloquitur
1101 809 1120 843 ‚
1179 765 1416 827 dicens.
1491 766 1650 839 Quia
1689 764 1886 825 sancti
1931 762 2110 820 Pauli
2137 760 2415 839 Apostoli
2464 759 2722 822 doctrina

755 875 1114 934 instruimur
1134 914 1153 949 ‚
1208 874 1431 932 malum
1477 888 1589 948 pro
1639 873 1796 947 malo
1849 868 2103 931 reddere
2148 884 2267 928 non
2309 866 2533 937 debere
2562 910 2580 943 ,
2622 866 2722 928 sed

754 979 977 1036 malum
1024 978 1087 1035 in
1131 975 1290 1034 bono
1345 974 1640 1046 vincere;
1683 988 1895 1031 moneo
1945 975 2044 1050 te,
2088 986 2164 1031 ne
2211 972 2328 1030 hac
2363 974 2545 1031 nocte
2587 971 2719 1028 mibi

758 1077 1174 1152 condormias,
1222 1078 1363 1153 quia
1391 1077 1446 1136 si
1474 1078 1594 1135 hoc
1625 1077 1897 1149 feceris,
1943 1074 2017 1134 ab
2048 1076 2304 1134 aemulis
2337 1076 2463 1134 tuis
2492 1074 2721 1133 interii·

756 1185 963 1246 cieris.
1022 1185 1316 1259 Quaesita
1340 1186 1497 1244 enim
1545 1200 1712 1256 snm,
1759 1199 1834 1269 an
1870 1199 2106 1244 mecum
2148 1184 2275 1242 eris
2307 1183 2511 1241 futura
2533 1185 2721 1253 nocte,

759 1293 822 1350 et
868 1287 1004 1349 dedi
1033 1288 1494 1348 sciscitantibus
1534 1286 1979 1361 affirmatiuam,
2013 1287 2229 1346 volens
2276 1286 2555 1362 experiri
2603 1300 2721 1343 ma-

750 1378 879 1451 lum
917 1370 1129 1450 contra
1160 1392 1221 1450 te
1251 1394 1632 1466 conceptum.
1688 1389 1829 1449 Rex
1857 1389 2049 1467 igitur
2080 1391 2293 1463 gratus
2326 1387 2510 1446 vxori
2543 1387 2721 1446 simu-

751 1492 905 1551 lauit
943 1507 1013 1552 se
1068 1504 1421 1551 mansurum
1468 1489 1621 1566 apud
1661 1492 1938 1567 reginam
1971 1506 2085 1568 per
2124 1494 2395 1564 noctem,
2443 1488 2556 1550 sed
2594 1504 2722 1549 sero

752 1599 918 1659 facto
975 1600 1222 1676 elapsus
1274 1603 1369 1660 est
1415 1601 1718 1661 clanculo.
1805 1596 2071 1671 Cumque
2109 1597 2171 1655 in
2230 1599 2429 1657 noctis
2489 1596 2722 1657 silentio
2851 1622 2852 1655 ;

748 1701 961 1762 hostes
1002 1705 1098 1762 sui
1130 1718 1202 1762 se
1235 1707 1613 1780 armassent,
1658 1705 1719 1762 et
1748 1701 2094 1760 cubiculum
2132 1695 2306 1783 regis
2344 1701 2409 1761 vi
2441 1715 2721 1779 rumpen-

753 1808 886 1878 tes,
934 1819 1072 1863 cum
1112 1806 1338 1882 impetu
1377 1808 1755 1883 intrassent,
1801 1806 1989 1865 solam
2020 1803 2296 1879 reginam
2331 1802 2718 1880 inuenerunt,

753 1906 817 1964 in
864 1908 1024 1967 lecto
1074 1909 1452 1969 simulatorie
1490 1908 1938 1981 dormitantem,
1988 1906 2248 1965 sonitum
2283 1920 2394 1982 per
2438 1921 2619 1966 nares
2663 1906 2720 1965 in

752 2007 999 2084 signnm
1050 2009 1383 2086 profundae
1429 2008 1808 2070 dormitionis
1859 2008 2160 2069 faciendo.
2236 2006 2406 2081 Quod
2448 2012 2518 2070 vt
2557 2007 2723 2069 vide-

668 2132 673 2143 ·
752 2113 901 2169 runt
955 2112 1197 2172 contusi
1248 2116 1312 2172 et
1353 2111 1723 2172 consternati
1772 2111 1922 2171 facti
1958 2108 2275 2195 dixerunt3
2321 2112 2476 2170 haec
2527 2126 2721 2171 mere·

755 2213 885 2274 uix
928 2194 1147 2290 procul
1184 2213 1359 2274 dubio
1414 2218 1722 2275 secretum
1767 2217 2042 2273 nostrum
2074 2209 2378 2289 prodidit,
2420 2215 2484 2271 et
2521 2226 2721 2289 regem

755 2314 1079 2376 admonens
1116 2317 1289 2377 abire
1325 2317 1511 2391 fecit,
1557 2319 1620 2377 et
1663 2314 1894 2375 idcirco
1930 2331 1968 2372 a
2001 2315 2177 2375 nobis
2213 2331 2324 2392 pro
2354 2328 2508 2391 rege
2542 2314 2722 2374 meri

746 2426 809 2483 to
844 2421 1264 2484 interficienda
1303 2425 1417 2486 est.
1463 2420 1561 2483 Ad
1594 2420 1750 2497 quod
1783 2418 2229 2481 verbumvnus
2263 2423 2504 2481 illorum
2529 2426 2720 2482 motus

750 2532 813 2587 et
844 2526 1096 2602 reginae
1129 2525 1419 2586 misertus
1461 2522 1654 2584 dixit:
1702 2521 1842 2583 Non
1881 2526 2110 2599 potest,
2157 2524 2425 2602 fratres,
2465 2525 2592 2585 hoc
2627 2542 2722 2586 es-
2787 2562 2793 2575 ·

756 2645 825 2691 se
863 2644 1116 2699 verum,
1162 2641 1301 2688 cum
1337 2629 1624 2686 recenter
1656 2629 1718 2685 et
1748 2627 1810 2683 in
1847 2625 2023 2684 breui
2055 2625 2197 2685 Rex
2237 2625 2574 2689 crudeliter
2605 2644 2724 2689 eam

746 2734 1044 2791 tractauei
1058 2732 1121 2795 it.
1196 2732 1450 2792 Talibus
1486 2733 1679 2808 igitur
1710 2729 1921 2789 verbis
1956 2731 2161 2791 auersi
2195 2744 2241 2787 α’
2256 2733 2571 2807 proposito
2599 2746 2722 2793 ma-

748 2834 808 2896 lo
857 2836 1206 2896 cubiculum
1257 2838 1583 2914 exierunt,
1643 2836 1793 2894 nibil
1846 2837 1990 2894 mali
2039 2836 2317 2913 Reginae
2368 2838 2722 2899 inferentes.

747 2936 934 2999 Mane
964 2940 1166 2997 autem
1201 2939 1364 2998 facto
1399 2936 1681 3015 Regina,
1729 2935 1865 3013 quid
1897 2934 2016 2997 sibi
2050 2938 2375 3016 acciderit,
2438 2938 2605 3019 Regi
2632 2957 2725 3002 re-

746 3042 925 3113 tulit,
969 3044 1032 3100 et
1067 3055 1366 3117 personas
1413 3038 1630 3098 honori
1668 3040 1729 3098 et
1759 3040 1922 3099 vitae
1965 3038 2249 3116 prodidit.
2317 3046 2484 3116 Quos
2523 3058 2723 3104 omnes

653 3208 656 3215 ,
748 3142 888 3206 Rex
932 3144 1180 3220 capiens
1226 3145 1378 3204 fecit
1424 3142 1749 3218 decollari,
1798 3146 1860 3202 et
1895 3144 2042 3220 pos‘t
2077 3144 2246 3203 illum
2285 3142 2444 3205 diem
2477 3160 2721 3207 vxor-em

748 3264 921 3309 suam
971 3246 1153 3307 valde
1208 3243 1496 3310 dilexit.“
1567 3249 1793 3309 Fabula
1826 3289 1843 3322 ,
1927 3249 2218 3322 inquam:
2282 3252 2515 3309 nullum
2570 3251 2722 3310 enim

745 3351 1093 3411 chronicon
1122 3349 1514 3411 Bohemicum
1555 3351 1826 3411 occurrit
1857 3352 1975 3409 hoc
2007 3352 2351 3427 perhibens.
2396 3352 2573 3412 Anno
2603 3354 2715 3411 hoc

744 3452 1064 3537 decollatio
1141 3455 1222 3516 32
1304 3454 1579 3512 virorum
1663 3453 2132 3527 conspirantium
2199 3456 2363 3513 facta
2437 3471 2554 3517 non
2606 3456 2719 3516 est.

736 3554 1133 3632 lncaptiuatio
1164 3554 1346 3615 etiam
1375 3556 1632 3630 reginae
1660 3555 1817 3613 falso
1855 3558 2211 3632 supponitur
2241 3560 2365 3618 etc.

550 3816 885 3877 ambiam
919 3824 989 3878 Β.
1024 3827 1105 3882 Μ.
1144 3827 1215 3881 ν.
1243 3826 1309 3881 a·
1344 3699 1794 3894 ωχξιξὲἶν.
1856 3766 2116 3879 Asiam.

700 3914 991 3992 ‘Petrus
1030 3943 1118 3993 ac
1159 3919 1527 4022 Georgius
1589 3917 1880 3993 Czudar
1920 3916 2013 3995 de
2053 3917 2710 4013 Olvodcoenobi-

414 4102 423 4113 ‚
545 4045 673 4101 um
710 4021 795 4099 B.
835 4022 940 4097 M.
981 4021 1075 4099 V.
1106 4020 1197 4098 de
1240 4023 1439 4099 Laad
1477 4051 1617 4126 pro
1660 4026 1994 4105 Eremitis
2017 4024 2272 4102 Sancti
2316 4025 2520 4105 Pauli
2556 4020 2711 4102 fun-

547 4127 745 4209 dunt.
818 4127 1042 4213 Anno
1089 4128 1896 4209 MCCCLXXXVH.“

632 4252 730 4314 Ex
777 4255 1033 4315 archiuo
1073 4249 1199 4317 PP.
1244 4254 1653 4313 Paulinorum.
